<?xml version="1.0" encoding="utf-8"?>
<root>
  <ChainId>7290027600007</ChainId>
  <SubChainId>007</SubChainId>
  <StoreId>348</StoreId>
  <BikoretNo>7</BikoretNo>
  <DllVerNo>8.0.1.3</DllVerNo>
  <Items Count="2159">
    <Item>
      <PriceUpdateDate>2019-12-31 12:23</PriceUpdateDate>
      <ItemCode>12300103138</ItemCode>
      <ItemType>1</ItemType>
      <ItemName>כאמל צהוב בוקס פקט</ItemName>
      <ManufacturerName>jti</ManufacturerName>
      <ManufactureCountry>CH</ManufactureCountry>
      <ManufacturerItemDescription>כאמל בוקס חביל</ManufacturerItemDescription>
      <UnitQty>יחידה</UnitQty>
      <Quantity>1.00</Quantity>
      <bIsWeighted>0</bIsWeighted>
      <UnitOfMeasure>יחידה</UnitOfMeasure>
      <QtyInPackage>0</QtyInPackage>
      <ItemPrice>309.00</ItemPrice>
      <UnitOfMeasurePrice>309.00</UnitOfMeasurePrice>
      <AllowDiscount>0</AllowDiscount>
      <ItemStatus>1</ItemStatus>
    </Item>
    <Item>
      <PriceUpdateDate>2018-07-10 12:38</PriceUpdateDate>
      <ItemCode>16000548503</ItemCode>
      <ItemType>1</ItemType>
      <ItemName>נייטשר וואלי מייפל 5יח</ItemName>
      <ManufacturerName>ג'נרל מילס</ManufacturerName>
      <ManufactureCountry>ES</ManufactureCountry>
      <ManufacturerItemDescription>חטיף נייטשר ואלי</ManufacturerItemDescription>
      <UnitQty>גרמים</UnitQty>
      <Quantity>210.00</Quantity>
      <bIsWeighted>0</bIsWeighted>
      <UnitOfMeasure>100 גרם</UnitOfMeasure>
      <QtyInPackage>0</QtyInPackage>
      <ItemPrice>21.90</ItemPrice>
      <UnitOfMeasurePrice>10.43</UnitOfMeasurePrice>
      <AllowDiscount>1</AllowDiscount>
      <ItemStatus>1</ItemStatus>
    </Item>
    <Item>
      <PriceUpdateDate>2016-02-02 06:49</PriceUpdateDate>
      <ItemCode>18000701223</ItemCode>
      <ItemType>1</ItemType>
      <ItemName>תערובת לעוגת שוקולד500גר</ItemName>
      <ManufacturerName>ג'נרל מילס</ManufacturerName>
      <ManufactureCountry>IL</ManufactureCountry>
      <ManufacturerItemDescription>תערובת לעוגה</ManufacturerItemDescription>
      <UnitQty>גרמים</UnitQty>
      <Quantity>500.00</Quantity>
      <bIsWeighted>0</bIsWeighted>
      <UnitOfMeasure>100 גרם</UnitOfMeasure>
      <QtyInPackage>0</QtyInPackage>
      <ItemPrice>19.90</ItemPrice>
      <UnitOfMeasurePrice>3.98</UnitOfMeasurePrice>
      <AllowDiscount>1</AllowDiscount>
      <ItemStatus>1</ItemStatus>
    </Item>
    <Item>
      <PriceUpdateDate>2016-02-02 06:49</PriceUpdateDate>
      <ItemCode>18000703494</ItemCode>
      <ItemType>1</ItemType>
      <ItemName>תערובת לעוגת וניל 500גרם</ItemName>
      <ManufacturerName>ג'נרל מילס</ManufacturerName>
      <ManufactureCountry>IL</ManufactureCountry>
      <ManufacturerItemDescription>תערובת לעוגה</ManufacturerItemDescription>
      <UnitQty>גרמים</UnitQty>
      <Quantity>500.00</Quantity>
      <bIsWeighted>0</bIsWeighted>
      <UnitOfMeasure>100 גרם</UnitOfMeasure>
      <QtyInPackage>0</QtyInPackage>
      <ItemPrice>19.90</ItemPrice>
      <UnitOfMeasurePrice>3.98</UnitOfMeasurePrice>
      <AllowDiscount>1</AllowDiscount>
      <ItemStatus>1</ItemStatus>
    </Item>
    <Item>
      <PriceUpdateDate>2015-09-30 08:05</PriceUpdateDate>
      <ItemCode>25675120020</ItemCode>
      <ItemType>1</ItemType>
      <ItemName>םרג 100 לטפ םעטב םיצוצמח</ItemName>
      <ManufacturerName>ירוג</ManufacturerName>
      <ManufactureCountry>NL</ManufactureCountry>
      <ManufacturerItemDescription>חמצוצים פטל</ManufacturerItemDescription>
      <UnitQty>גרמים</UnitQty>
      <Quantity>100.00</Quantity>
      <bIsWeighted>0</bIsWeighted>
      <UnitOfMeasure>100 גרם</UnitOfMeasure>
      <QtyInPackage>0</QtyInPackage>
      <ItemPrice>9.30</ItemPrice>
      <UnitOfMeasurePrice>9.30</UnitOfMeasurePrice>
      <AllowDiscount>1</AllowDiscount>
      <ItemStatus>1</ItemStatus>
    </Item>
    <Item>
      <PriceUpdateDate>2015-09-30 08:05</PriceUpdateDate>
      <ItemCode>25675120037</ItemCode>
      <ItemType>1</ItemType>
      <ItemName>םרג 100 תות םעטב םיצוצמח</ItemName>
      <ManufacturerName>ירוג</ManufacturerName>
      <ManufactureCountry>NL</ManufactureCountry>
      <ManufacturerItemDescription>חמצוצים תות</ManufacturerItemDescription>
      <UnitQty>גרמים</UnitQty>
      <Quantity>100.00</Quantity>
      <bIsWeighted>0</bIsWeighted>
      <UnitOfMeasure>100 גרם</UnitOfMeasure>
      <QtyInPackage>0</QtyInPackage>
      <ItemPrice>9.30</ItemPrice>
      <UnitOfMeasurePrice>9.30</UnitOfMeasurePrice>
      <AllowDiscount>1</AllowDiscount>
      <ItemStatus>1</ItemStatus>
    </Item>
    <Item>
      <PriceUpdateDate>2015-09-30 08:05</PriceUpdateDate>
      <ItemCode>25675120068</ItemCode>
      <ItemType>1</ItemType>
      <ItemName>םרג100 הלוק םעטב םיצוצמח</ItemName>
      <ManufacturerName>ירוג</ManufacturerName>
      <ManufactureCountry>NL</ManufactureCountry>
      <ManufacturerItemDescription>חמצוצים קולה</ManufacturerItemDescription>
      <UnitQty>גרמים</UnitQty>
      <Quantity>100.00</Quantity>
      <bIsWeighted>0</bIsWeighted>
      <UnitOfMeasure>100 גרם</UnitOfMeasure>
      <QtyInPackage>0</QtyInPackage>
      <ItemPrice>9.30</ItemPrice>
      <UnitOfMeasurePrice>9.30</UnitOfMeasurePrice>
      <AllowDiscount>1</AllowDiscount>
      <ItemStatus>1</ItemStatus>
    </Item>
    <Item>
      <PriceUpdateDate>2015-09-30 08:04</PriceUpdateDate>
      <ItemCode>30107014</ItemCode>
      <ItemType>1</ItemType>
      <ItemName>נייר גלגול</ItemName>
      <ManufacturerName />
      <ManufactureCountry>IL</ManufactureCountry>
      <ManufacturerItemDescription>נייר גלגול</ManufacturerItemDescription>
      <UnitQty>יחידה</UnitQty>
      <Quantity>1.00</Quantity>
      <bIsWeighted>0</bIsWeighted>
      <UnitOfMeasure>יחידה</UnitOfMeasure>
      <QtyInPackage>0</QtyInPackage>
      <ItemPrice>5.90</ItemPrice>
      <UnitOfMeasurePrice>5.90</UnitOfMeasurePrice>
      <AllowDiscount>0</AllowDiscount>
      <ItemStatus>1</ItemStatus>
    </Item>
    <Item>
      <PriceUpdateDate>2015-01-20 14:04</PriceUpdateDate>
      <ItemCode>30112919</ItemCode>
      <ItemType>1</ItemType>
      <ItemName>נייר גלגול</ItemName>
      <ManufacturerName />
      <ManufactureCountry>IL</ManufactureCountry>
      <ManufacturerItemDescription>נייר גלגול</ManufacturerItemDescription>
      <UnitQty>יחידה</UnitQty>
      <Quantity>1.00</Quantity>
      <bIsWeighted>0</bIsWeighted>
      <UnitOfMeasure>יחידה</UnitOfMeasure>
      <QtyInPackage>0</QtyInPackage>
      <ItemPrice>5.00</ItemPrice>
      <UnitOfMeasurePrice>5.00</UnitOfMeasurePrice>
      <AllowDiscount>0</AllowDiscount>
      <ItemStatus>1</ItemStatus>
    </Item>
    <Item>
      <PriceUpdateDate>2017-03-07 06:45</PriceUpdateDate>
      <ItemCode>3045140105502</ItemCode>
      <ItemType>1</ItemType>
      <ItemName>שוקולד חלב מילקה 100 גרם</ItemName>
      <ManufacturerName>מונדלייז</ManufacturerName>
      <ManufactureCountry>DE</ManufactureCountry>
      <ManufacturerItemDescription>שוקולד חלב מילקה</ManufacturerItemDescription>
      <UnitQty>גרמים</UnitQty>
      <Quantity>100.00</Quantity>
      <bIsWeighted>0</bIsWeighted>
      <UnitOfMeasure>100 גרם</UnitOfMeasure>
      <QtyInPackage>0</QtyInPackage>
      <ItemPrice>7.90</ItemPrice>
      <UnitOfMeasurePrice>7.90</UnitOfMeasurePrice>
      <AllowDiscount>1</AllowDiscount>
      <ItemStatus>1</ItemStatus>
    </Item>
    <Item>
      <PriceUpdateDate>2017-03-07 06:45</PriceUpdateDate>
      <ItemCode>3045140280902</ItemCode>
      <ItemType>1</ItemType>
      <ItemName>שוק.מילקה אגוז/צימוק100ג</ItemName>
      <ManufacturerName>מונדלייז</ManufacturerName>
      <ManufactureCountry>DE</ManufactureCountry>
      <ManufacturerItemDescription>שוקולד מילקה</ManufacturerItemDescription>
      <UnitQty>גרמים</UnitQty>
      <Quantity>100.00</Quantity>
      <bIsWeighted>0</bIsWeighted>
      <UnitOfMeasure>100 גרם</UnitOfMeasure>
      <QtyInPackage>0</QtyInPackage>
      <ItemPrice>7.90</ItemPrice>
      <UnitOfMeasurePrice>7.90</UnitOfMeasurePrice>
      <AllowDiscount>1</AllowDiscount>
      <ItemStatus>1</ItemStatus>
    </Item>
    <Item>
      <PriceUpdateDate>2017-01-14 19:34</PriceUpdateDate>
      <ItemCode>3059944021197</ItemCode>
      <ItemType>1</ItemType>
      <ItemName>ויט קרם להסרת שיער 400מל</ItemName>
      <ManufacturerName>רקיט בנקיזר</ManufacturerName>
      <ManufactureCountry>FR</ManufactureCountry>
      <ManufacturerItemDescription>מסיר שיער ויט</ManufacturerItemDescription>
      <UnitQty>מיליליטרים</UnitQty>
      <Quantity>400.00</Quantity>
      <bIsWeighted>0</bIsWeighted>
      <UnitOfMeasure>100 מ"ל</UnitOfMeasure>
      <QtyInPackage>0</QtyInPackage>
      <ItemPrice>41.90</ItemPrice>
      <UnitOfMeasurePrice>10.48</UnitOfMeasurePrice>
      <AllowDiscount>1</AllowDiscount>
      <ItemStatus>1</ItemStatus>
    </Item>
    <Item>
      <PriceUpdateDate>2018-03-06 07:23</PriceUpdateDate>
      <ItemCode>3387390525960</ItemCode>
      <ItemType>1</ItemType>
      <ItemName>קראנץ' דגני בוקר 500 גרם</ItemName>
      <ManufacturerName>סי. פי. צרפת</ManufacturerName>
      <ManufactureCountry>FR</ManufactureCountry>
      <ManufacturerItemDescription>קראנץ דגני בוקר</ManufacturerItemDescription>
      <UnitQty>גרמים</UnitQty>
      <Quantity>500.00</Quantity>
      <bIsWeighted>0</bIsWeighted>
      <UnitOfMeasure>100 גרם</UnitOfMeasure>
      <QtyInPackage>0</QtyInPackage>
      <ItemPrice>25.00</ItemPrice>
      <UnitOfMeasurePrice>5.00</UnitOfMeasurePrice>
      <AllowDiscount>1</AllowDiscount>
      <ItemStatus>1</ItemStatus>
    </Item>
    <Item>
      <PriceUpdateDate>2015-09-30 08:05</PriceUpdateDate>
      <ItemCode>34000544028</ItemCode>
      <ItemType>1</ItemType>
      <ItemName>טוויזלרס ממתק טעם תות198</ItemName>
      <ManufacturerName>---</ManufacturerName>
      <ManufactureCountry>US</ManufactureCountry>
      <ManufacturerItemDescription>ממתק בטעם תות</ManufacturerItemDescription>
      <UnitQty>גרמים</UnitQty>
      <Quantity>198.00</Quantity>
      <bIsWeighted>0</bIsWeighted>
      <UnitOfMeasure>100 גרם</UnitOfMeasure>
      <QtyInPackage>0</QtyInPackage>
      <ItemPrice>8.80</ItemPrice>
      <UnitOfMeasurePrice>4.44</UnitOfMeasurePrice>
      <AllowDiscount>1</AllowDiscount>
      <ItemStatus>1</ItemStatus>
    </Item>
    <Item>
      <PriceUpdateDate>2020-01-02 23:39</PriceUpdateDate>
      <ItemCode>36000516876</ItemCode>
      <ItemType>1</ItemType>
      <ItemName>קלינקס לושן 3 שכבות 75יח</ItemName>
      <ManufacturerName>חוגלה קימברלי</ManufacturerName>
      <ManufactureCountry>US</ManufactureCountry>
      <ManufacturerItemDescription>קלינקס לושן</ManufacturerItemDescription>
      <UnitQty>יחידה</UnitQty>
      <Quantity>1.00</Quantity>
      <bIsWeighted>0</bIsWeighted>
      <UnitOfMeasure>יחידה</UnitOfMeasure>
      <QtyInPackage>1</QtyInPackage>
      <ItemPrice>12.90</ItemPrice>
      <UnitOfMeasurePrice>12.90</UnitOfMeasurePrice>
      <AllowDiscount>1</AllowDiscount>
      <ItemStatus>1</ItemStatus>
    </Item>
    <Item>
      <PriceUpdateDate>2020-01-17 05:35</PriceUpdateDate>
      <ItemCode>36000516890</ItemCode>
      <ItemType>1</ItemType>
      <ItemName>קלינקס לושן 3 שכבות120יח</ItemName>
      <ManufacturerName>חוגלה קימברלי</ManufacturerName>
      <ManufactureCountry>US</ManufactureCountry>
      <ManufacturerItemDescription>קלינקס לושן</ManufacturerItemDescription>
      <UnitQty>יחידה</UnitQty>
      <Quantity>1.00</Quantity>
      <bIsWeighted>0</bIsWeighted>
      <UnitOfMeasure>יחידה</UnitOfMeasure>
      <QtyInPackage>1</QtyInPackage>
      <ItemPrice>19.90</ItemPrice>
      <UnitOfMeasurePrice>19.90</UnitOfMeasurePrice>
      <AllowDiscount>1</AllowDiscount>
      <ItemStatus>1</ItemStatus>
    </Item>
    <Item>
      <PriceUpdateDate>2020-07-12 12:05</PriceUpdateDate>
      <ItemCode>3700476611461</ItemCode>
      <ItemType>1</ItemType>
      <ItemName>פינקליידי מארז</ItemName>
      <ManufacturerName>פינק ליידי</ManufacturerName>
      <ManufactureCountry>US</ManufactureCountry>
      <ManufacturerItemDescription>פינקליידי מארז</ManufacturerItemDescription>
      <UnitQty>קילוגרמים</UnitQty>
      <Quantity>0.00</Quantity>
      <bIsWeighted>1</bIsWeighted>
      <UnitOfMeasure>ק"ג</UnitOfMeasure>
      <QtyInPackage>1</QtyInPackage>
      <ItemPrice>17.90</ItemPrice>
      <UnitOfMeasurePrice>17.90</UnitOfMeasurePrice>
      <AllowDiscount>1</AllowDiscount>
      <ItemStatus>1</ItemStatus>
    </Item>
    <Item>
      <PriceUpdateDate>2017-04-04 08:24</PriceUpdateDate>
      <ItemCode>38000138638</ItemCode>
      <ItemType>1</ItemType>
      <ItemName>פרינגלס פיצה 158 גרם</ItemName>
      <ManufacturerName>פרינגלס מנופקצ'ורינג קונ</ManufacturerName>
      <ManufactureCountry>US</ManufactureCountry>
      <ManufacturerItemDescription>פרינגלס פיצה</ManufacturerItemDescription>
      <UnitQty>גרמים</UnitQty>
      <Quantity>158.00</Quantity>
      <bIsWeighted>0</bIsWeighted>
      <UnitOfMeasure>100 גרם</UnitOfMeasure>
      <QtyInPackage>1</QtyInPackage>
      <ItemPrice>10.60</ItemPrice>
      <UnitOfMeasurePrice>6.71</UnitOfMeasurePrice>
      <AllowDiscount>1</AllowDiscount>
      <ItemStatus>1</ItemStatus>
    </Item>
    <Item>
      <PriceUpdateDate>2018-05-22 12:22</PriceUpdateDate>
      <ItemCode>38000183690</ItemCode>
      <ItemType>1</ItemType>
      <ItemName>פרינגלס ברביקיו 71 גרם</ItemName>
      <ManufacturerName>פרינגלס מנופקצ'ורינג קונ</ManufacturerName>
      <ManufactureCountry>US</ManufactureCountry>
      <ManufacturerItemDescription>פרינגלס ברביקיו</ManufacturerItemDescription>
      <UnitQty>גרמים</UnitQty>
      <Quantity>71.00</Quantity>
      <bIsWeighted>0</bIsWeighted>
      <UnitOfMeasure>100 גרם</UnitOfMeasure>
      <QtyInPackage>1</QtyInPackage>
      <ItemPrice>5.90</ItemPrice>
      <UnitOfMeasurePrice>8.31</UnitOfMeasurePrice>
      <AllowDiscount>1</AllowDiscount>
      <ItemStatus>1</ItemStatus>
    </Item>
    <Item>
      <PriceUpdateDate>2020-03-27 05:35</PriceUpdateDate>
      <ItemCode>38000232152</ItemCode>
      <ItemType>1</ItemType>
      <ItemName>פרינגלס ברביקיו 158 גרם</ItemName>
      <ManufacturerName>פרינגלס מנופקצ'ורינג קונ</ManufacturerName>
      <ManufactureCountry>US</ManufactureCountry>
      <ManufacturerItemDescription>פרינגלס ברביקיו</ManufacturerItemDescription>
      <UnitQty>גרמים</UnitQty>
      <Quantity>158.00</Quantity>
      <bIsWeighted>0</bIsWeighted>
      <UnitOfMeasure>100 גרם</UnitOfMeasure>
      <QtyInPackage>1</QtyInPackage>
      <ItemPrice>10.60</ItemPrice>
      <UnitOfMeasurePrice>6.71</UnitOfMeasurePrice>
      <AllowDiscount>1</AllowDiscount>
      <ItemStatus>1</ItemStatus>
    </Item>
    <Item>
      <PriceUpdateDate>2020-04-03 05:37</PriceUpdateDate>
      <ItemCode>38000232169</ItemCode>
      <ItemType>1</ItemType>
      <ItemName>פרינגלס מידי אורגינל67ג</ItemName>
      <ManufacturerName>פרינגלס מנופקצ'ורינג קונ</ManufacturerName>
      <ManufactureCountry>US</ManufactureCountry>
      <ManufacturerItemDescription>פרינגלס אורגינל</ManufacturerItemDescription>
      <UnitQty>גרמים</UnitQty>
      <Quantity>67.00</Quantity>
      <bIsWeighted>0</bIsWeighted>
      <UnitOfMeasure>100 גרם</UnitOfMeasure>
      <QtyInPackage>1</QtyInPackage>
      <ItemPrice>5.90</ItemPrice>
      <UnitOfMeasurePrice>8.81</UnitOfMeasurePrice>
      <AllowDiscount>1</AllowDiscount>
      <ItemStatus>1</ItemStatus>
    </Item>
    <Item>
      <PriceUpdateDate>2020-03-27 05:35</PriceUpdateDate>
      <ItemCode>38000232176</ItemCode>
      <ItemType>1</ItemType>
      <ItemName>פרינגלס שמנת בצל 158 גרם</ItemName>
      <ManufacturerName>פרינגלס מנופקצ'ורינג קונ</ManufacturerName>
      <ManufactureCountry>US</ManufactureCountry>
      <ManufacturerItemDescription>פרינגלס שמנת בצל</ManufacturerItemDescription>
      <UnitQty>גרמים</UnitQty>
      <Quantity>158.00</Quantity>
      <bIsWeighted>0</bIsWeighted>
      <UnitOfMeasure>100 גרם</UnitOfMeasure>
      <QtyInPackage>1</QtyInPackage>
      <ItemPrice>10.60</ItemPrice>
      <UnitOfMeasurePrice>6.71</UnitOfMeasurePrice>
      <AllowDiscount>1</AllowDiscount>
      <ItemStatus>1</ItemStatus>
    </Item>
    <Item>
      <PriceUpdateDate>2020-03-27 05:35</PriceUpdateDate>
      <ItemCode>38000232183</ItemCode>
      <ItemType>1</ItemType>
      <ItemName>פרינגלס אורגינל 149 גרם</ItemName>
      <ManufacturerName>פרינגלס מנופקצ'ורינג קונ</ManufacturerName>
      <ManufactureCountry>US</ManufactureCountry>
      <ManufacturerItemDescription>פרינגלס אורגינל</ManufacturerItemDescription>
      <UnitQty>גרמים</UnitQty>
      <Quantity>149.00</Quantity>
      <bIsWeighted>0</bIsWeighted>
      <UnitOfMeasure>100 גרם</UnitOfMeasure>
      <QtyInPackage>1</QtyInPackage>
      <ItemPrice>10.60</ItemPrice>
      <UnitOfMeasurePrice>7.11</UnitOfMeasurePrice>
      <AllowDiscount>1</AllowDiscount>
      <ItemStatus>1</ItemStatus>
    </Item>
    <Item>
      <PriceUpdateDate>2017-02-07 07:16</PriceUpdateDate>
      <ItemCode>38000845253</ItemCode>
      <ItemType>1</ItemType>
      <ItemName>פרינגלס מידי שמנת בצל71ג</ItemName>
      <ManufacturerName>פרינגלס מנופקצ'ורינג קונ</ManufacturerName>
      <ManufactureCountry>US</ManufactureCountry>
      <ManufacturerItemDescription>פרינגלס שמנת בצל</ManufacturerItemDescription>
      <UnitQty>גרמים</UnitQty>
      <Quantity>71.00</Quantity>
      <bIsWeighted>0</bIsWeighted>
      <UnitOfMeasure>100 גרם</UnitOfMeasure>
      <QtyInPackage>1</QtyInPackage>
      <ItemPrice>5.90</ItemPrice>
      <UnitOfMeasurePrice>8.31</UnitOfMeasurePrice>
      <AllowDiscount>1</AllowDiscount>
      <ItemStatus>1</ItemStatus>
    </Item>
    <Item>
      <PriceUpdateDate>2016-11-27 12:59</PriceUpdateDate>
      <ItemCode>40000514480</ItemCode>
      <ItemType>1</ItemType>
      <ItemName>עדשי מ&amp;מ'ס שוקולד 48 גרם</ItemName>
      <ManufacturerName>מרס</ManufacturerName>
      <ManufactureCountry>US</ManufactureCountry>
      <ManufacturerItemDescription>עדשי מ&amp;מ'ס</ManufacturerItemDescription>
      <UnitQty>גרמים</UnitQty>
      <Quantity>48.00</Quantity>
      <bIsWeighted>0</bIsWeighted>
      <UnitOfMeasure>100 גרם</UnitOfMeasure>
      <QtyInPackage>1</QtyInPackage>
      <ItemPrice>5.50</ItemPrice>
      <UnitOfMeasurePrice>11.46</UnitOfMeasurePrice>
      <AllowDiscount>1</AllowDiscount>
      <ItemStatus>1</ItemStatus>
    </Item>
    <Item>
      <PriceUpdateDate>2016-11-08 07:17</PriceUpdateDate>
      <ItemCode>40000514510</ItemCode>
      <ItemType>1</ItemType>
      <ItemName>עדשי מ&amp;מ'ס בוטנים 49 גרם</ItemName>
      <ManufacturerName>מרס</ManufacturerName>
      <ManufactureCountry>US</ManufactureCountry>
      <ManufacturerItemDescription>עדשי מ&amp;מ'ס</ManufacturerItemDescription>
      <UnitQty>גרמים</UnitQty>
      <Quantity>49.00</Quantity>
      <bIsWeighted>0</bIsWeighted>
      <UnitOfMeasure>100 גרם</UnitOfMeasure>
      <QtyInPackage>1</QtyInPackage>
      <ItemPrice>5.50</ItemPrice>
      <UnitOfMeasurePrice>11.22</UnitOfMeasurePrice>
      <AllowDiscount>1</AllowDiscount>
      <ItemStatus>1</ItemStatus>
    </Item>
    <Item>
      <PriceUpdateDate>2019-12-10 07:34</PriceUpdateDate>
      <ItemCode>40084107</ItemCode>
      <ItemType>1</ItemType>
      <ItemName>ביצת קינדר הפתעה 20 גרם</ItemName>
      <ManufacturerName>פררו אס.פי.אי</ManufacturerName>
      <ManufactureCountry>IT</ManufactureCountry>
      <ManufacturerItemDescription>ביצת הפתעה</ManufacturerItemDescription>
      <UnitQty>גרמים</UnitQty>
      <Quantity>20.00</Quantity>
      <bIsWeighted>0</bIsWeighted>
      <UnitOfMeasure>100 גרם</UnitOfMeasure>
      <QtyInPackage>1</QtyInPackage>
      <ItemPrice>6.60</ItemPrice>
      <UnitOfMeasurePrice>33.00</UnitOfMeasurePrice>
      <AllowDiscount>1</AllowDiscount>
      <ItemStatus>1</ItemStatus>
    </Item>
    <Item>
      <PriceUpdateDate>2019-08-29 09:00</PriceUpdateDate>
      <ItemCode>4009900379564</ItemCode>
      <ItemType>1</ItemType>
      <ItemName>הובה בובה טייפ פירות56גר</ItemName>
      <ManufacturerName>מרס</ManufacturerName>
      <ManufactureCountry>GB</ManufactureCountry>
      <ManufacturerItemDescription>מסטיק הובה בובה</ManufacturerItemDescription>
      <UnitQty>גרמים</UnitQty>
      <Quantity>56.00</Quantity>
      <bIsWeighted>0</bIsWeighted>
      <UnitOfMeasure>100 גרם</UnitOfMeasure>
      <QtyInPackage>0</QtyInPackage>
      <ItemPrice>6.90</ItemPrice>
      <UnitOfMeasurePrice>12.32</UnitOfMeasurePrice>
      <AllowDiscount>1</AllowDiscount>
      <ItemStatus>1</ItemStatus>
    </Item>
    <Item>
      <PriceUpdateDate>2019-01-23 17:53</PriceUpdateDate>
      <ItemCode>4009900402965</ItemCode>
      <ItemType>1</ItemType>
      <ItemName>אורביט וייט פירות 64גרם</ItemName>
      <ManufacturerName>ריגלי פולין</ManufacturerName>
      <ManufactureCountry>PL</ManufactureCountry>
      <ManufacturerItemDescription>אורביט בקבוקון</ManufacturerItemDescription>
      <UnitQty>גרמים</UnitQty>
      <Quantity>64.00</Quantity>
      <bIsWeighted>0</bIsWeighted>
      <UnitOfMeasure>100 גרם</UnitOfMeasure>
      <QtyInPackage>0</QtyInPackage>
      <ItemPrice>11.90</ItemPrice>
      <UnitOfMeasurePrice>18.59</UnitOfMeasurePrice>
      <AllowDiscount>1</AllowDiscount>
      <ItemStatus>1</ItemStatus>
    </Item>
    <Item>
      <PriceUpdateDate>2019-01-23 17:53</PriceUpdateDate>
      <ItemCode>4009900403023</ItemCode>
      <ItemType>1</ItemType>
      <ItemName>מסטיק אורביט ויט מנטה64ג</ItemName>
      <ManufacturerName>ריגלי פולין</ManufacturerName>
      <ManufactureCountry>PL</ManufactureCountry>
      <ManufacturerItemDescription>אורביט בקבוקון</ManufacturerItemDescription>
      <UnitQty>גרמים</UnitQty>
      <Quantity>64.00</Quantity>
      <bIsWeighted>0</bIsWeighted>
      <UnitOfMeasure>100 גרם</UnitOfMeasure>
      <QtyInPackage>0</QtyInPackage>
      <ItemPrice>11.90</ItemPrice>
      <UnitOfMeasurePrice>18.59</UnitOfMeasurePrice>
      <AllowDiscount>1</AllowDiscount>
      <ItemStatus>1</ItemStatus>
    </Item>
    <Item>
      <PriceUpdateDate>2019-01-25 05:36</PriceUpdateDate>
      <ItemCode>4009900420129</ItemCode>
      <ItemType>1</ItemType>
      <ItemName>אורביט פפרמינט בקבוקון64</ItemName>
      <ManufacturerName>---</ManufacturerName>
      <ManufactureCountry>PL</ManufactureCountry>
      <ManufacturerItemDescription>אורביט פפרמינט</ManufacturerItemDescription>
      <UnitQty>גרמים</UnitQty>
      <Quantity>64.00</Quantity>
      <bIsWeighted>0</bIsWeighted>
      <UnitOfMeasure>100 גרם</UnitOfMeasure>
      <QtyInPackage>1</QtyInPackage>
      <ItemPrice>11.90</ItemPrice>
      <UnitOfMeasurePrice>18.59</UnitOfMeasurePrice>
      <AllowDiscount>1</AllowDiscount>
      <ItemStatus>1</ItemStatus>
    </Item>
    <Item>
      <PriceUpdateDate>2019-01-23 17:53</PriceUpdateDate>
      <ItemCode>4009900426039</ItemCode>
      <ItemType>1</ItemType>
      <ItemName>מסטיק איירוויבז מנטה64ג</ItemName>
      <ManufacturerName>ריגלי פולין</ManufacturerName>
      <ManufactureCountry>PL</ManufactureCountry>
      <ManufacturerItemDescription>מסטיק איירוויבז</ManufacturerItemDescription>
      <UnitQty>גרמים</UnitQty>
      <Quantity>64.00</Quantity>
      <bIsWeighted>0</bIsWeighted>
      <UnitOfMeasure>100 גרם</UnitOfMeasure>
      <QtyInPackage>1</QtyInPackage>
      <ItemPrice>11.90</ItemPrice>
      <UnitOfMeasurePrice>18.59</UnitOfMeasurePrice>
      <AllowDiscount>1</AllowDiscount>
      <ItemStatus>1</ItemStatus>
    </Item>
    <Item>
      <PriceUpdateDate>2019-01-23 17:53</PriceUpdateDate>
      <ItemCode>4009900426121</ItemCode>
      <ItemType>1</ItemType>
      <ItemName>מסטיק איירוויבז אוכמנ64ג</ItemName>
      <ManufacturerName>ריגלי פולין</ManufacturerName>
      <ManufactureCountry>PL</ManufactureCountry>
      <ManufacturerItemDescription>מסטיק איירוויבז</ManufacturerItemDescription>
      <UnitQty>גרמים</UnitQty>
      <Quantity>64.00</Quantity>
      <bIsWeighted>0</bIsWeighted>
      <UnitOfMeasure>100 גרם</UnitOfMeasure>
      <QtyInPackage>1</QtyInPackage>
      <ItemPrice>11.90</ItemPrice>
      <UnitOfMeasurePrice>18.59</UnitOfMeasurePrice>
      <AllowDiscount>1</AllowDiscount>
      <ItemStatus>1</ItemStatus>
    </Item>
    <Item>
      <PriceUpdateDate>2019-12-13 05:41</PriceUpdateDate>
      <ItemCode>4009900458504</ItemCode>
      <ItemType>1</ItemType>
      <ItemName>אורביט ווייט הדרים64גרם</ItemName>
      <ManufacturerName>---</ManufacturerName>
      <ManufactureCountry>PL</ManufactureCountry>
      <ManufacturerItemDescription>אורביט ווייט</ManufacturerItemDescription>
      <UnitQty>גרמים</UnitQty>
      <Quantity>64.00</Quantity>
      <bIsWeighted>0</bIsWeighted>
      <UnitOfMeasure>100 גרם</UnitOfMeasure>
      <QtyInPackage>1</QtyInPackage>
      <ItemPrice>11.90</ItemPrice>
      <UnitOfMeasurePrice>18.59</UnitOfMeasurePrice>
      <AllowDiscount>1</AllowDiscount>
      <ItemStatus>1</ItemStatus>
    </Item>
    <Item>
      <PriceUpdateDate>2019-01-23 17:53</PriceUpdateDate>
      <ItemCode>4009900479998</ItemCode>
      <ItemType>1</ItemType>
      <ItemName>אורביט אוכמניות בקבוק64ג</ItemName>
      <ManufacturerName>ריגלי פולין</ManufacturerName>
      <ManufactureCountry>PL</ManufactureCountry>
      <ManufacturerItemDescription>אורביט בקבוקון</ManufacturerItemDescription>
      <UnitQty>גרמים</UnitQty>
      <Quantity>64.00</Quantity>
      <bIsWeighted>0</bIsWeighted>
      <UnitOfMeasure>100 גרם</UnitOfMeasure>
      <QtyInPackage>0</QtyInPackage>
      <ItemPrice>11.90</ItemPrice>
      <UnitOfMeasurePrice>18.59</UnitOfMeasurePrice>
      <AllowDiscount>1</AllowDiscount>
      <ItemStatus>1</ItemStatus>
    </Item>
    <Item>
      <PriceUpdateDate>2019-01-23 17:53</PriceUpdateDate>
      <ItemCode>4009900482417</ItemCode>
      <ItemType>1</ItemType>
      <ItemName>אורביט באבל מינט בקבוק64</ItemName>
      <ManufacturerName>ריגלי פולין</ManufacturerName>
      <ManufactureCountry>PL</ManufactureCountry>
      <ManufacturerItemDescription>אורביט באבל מינט</ManufacturerItemDescription>
      <UnitQty>גרמים</UnitQty>
      <Quantity>64.00</Quantity>
      <bIsWeighted>0</bIsWeighted>
      <UnitOfMeasure>100 גרם</UnitOfMeasure>
      <QtyInPackage>0</QtyInPackage>
      <ItemPrice>11.90</ItemPrice>
      <UnitOfMeasurePrice>18.59</UnitOfMeasurePrice>
      <AllowDiscount>1</AllowDiscount>
      <ItemStatus>1</ItemStatus>
    </Item>
    <Item>
      <PriceUpdateDate>2019-01-23 17:53</PriceUpdateDate>
      <ItemCode>4009900504218</ItemCode>
      <ItemType>1</ItemType>
      <ItemName>אורביט תפוז בקבוקון64ג</ItemName>
      <ManufacturerName>ריגלי</ManufacturerName>
      <ManufactureCountry>PL</ManufactureCountry>
      <ManufacturerItemDescription>אורביט בקבוקון</ManufacturerItemDescription>
      <UnitQty>גרמים</UnitQty>
      <Quantity>64.00</Quantity>
      <bIsWeighted>0</bIsWeighted>
      <UnitOfMeasure>100 גרם</UnitOfMeasure>
      <QtyInPackage>1</QtyInPackage>
      <ItemPrice>11.90</ItemPrice>
      <UnitOfMeasurePrice>18.59</UnitOfMeasurePrice>
      <AllowDiscount>1</AllowDiscount>
      <ItemStatus>1</ItemStatus>
    </Item>
    <Item>
      <PriceUpdateDate>2019-12-13 05:41</PriceUpdateDate>
      <ItemCode>4009900525138</ItemCode>
      <ItemType>1</ItemType>
      <ItemName>מסטיק אורביט וויט תות64ג</ItemName>
      <ManufacturerName>---</ManufacturerName>
      <ManufactureCountry>PL</ManufactureCountry>
      <ManufacturerItemDescription>אורביט ווייט תות</ManufacturerItemDescription>
      <UnitQty>גרמים</UnitQty>
      <Quantity>64.00</Quantity>
      <bIsWeighted>0</bIsWeighted>
      <UnitOfMeasure>100 גרם</UnitOfMeasure>
      <QtyInPackage>1</QtyInPackage>
      <ItemPrice>11.90</ItemPrice>
      <UnitOfMeasurePrice>18.59</UnitOfMeasurePrice>
      <AllowDiscount>1</AllowDiscount>
      <ItemStatus>1</ItemStatus>
    </Item>
    <Item>
      <PriceUpdateDate>2019-01-25 05:36</PriceUpdateDate>
      <ItemCode>4009900531122</ItemCode>
      <ItemType>1</ItemType>
      <ItemName>מסטיק אורביט ספירמינט64ג</ItemName>
      <ManufacturerName>---</ManufacturerName>
      <ManufactureCountry>PL</ManufactureCountry>
      <ManufacturerItemDescription>אורביט ספירמינט</ManufacturerItemDescription>
      <UnitQty>גרמים</UnitQty>
      <Quantity>64.00</Quantity>
      <bIsWeighted>0</bIsWeighted>
      <UnitOfMeasure>100 גרם</UnitOfMeasure>
      <QtyInPackage>1</QtyInPackage>
      <ItemPrice>11.90</ItemPrice>
      <UnitOfMeasurePrice>18.59</UnitOfMeasurePrice>
      <AllowDiscount>1</AllowDiscount>
      <ItemStatus>1</ItemStatus>
    </Item>
    <Item>
      <PriceUpdateDate>2020-03-20 05:36</PriceUpdateDate>
      <ItemCode>4009900534581</ItemCode>
      <ItemType>1</ItemType>
      <ItemName>איירוויבז מנטה ודובדבן64</ItemName>
      <ManufacturerName>---</ManufacturerName>
      <ManufactureCountry>IL</ManufactureCountry>
      <ManufacturerItemDescription>מסטיק איירוויבז</ManufacturerItemDescription>
      <UnitQty>גרמים</UnitQty>
      <Quantity>64.00</Quantity>
      <bIsWeighted>0</bIsWeighted>
      <UnitOfMeasure>100 גרם</UnitOfMeasure>
      <QtyInPackage>1</QtyInPackage>
      <ItemPrice>11.90</ItemPrice>
      <UnitOfMeasurePrice>18.59</UnitOfMeasurePrice>
      <AllowDiscount>1</AllowDiscount>
      <ItemStatus>1</ItemStatus>
    </Item>
    <Item>
      <PriceUpdateDate>2017-07-25 08:39</PriceUpdateDate>
      <ItemCode>40099705</ItemCode>
      <ItemType>1</ItemType>
      <ItemName>אורביט סטיקס פפרמינט 13ג</ItemName>
      <ManufacturerName>ריגלי</ManufacturerName>
      <ManufactureCountry>FR</ManufactureCountry>
      <ManufacturerItemDescription>מסטיק אורביט</ManufacturerItemDescription>
      <UnitQty>גרמים</UnitQty>
      <Quantity>13.00</Quantity>
      <bIsWeighted>0</bIsWeighted>
      <UnitOfMeasure>100 גרם</UnitOfMeasure>
      <QtyInPackage>1</QtyInPackage>
      <ItemPrice>2.50</ItemPrice>
      <UnitOfMeasurePrice>19.23</UnitOfMeasurePrice>
      <AllowDiscount>1</AllowDiscount>
      <ItemStatus>1</ItemStatus>
    </Item>
    <Item>
      <PriceUpdateDate>2017-07-04 09:43</PriceUpdateDate>
      <ItemCode>40111216</ItemCode>
      <ItemType>1</ItemType>
      <ItemName>חטיף באונטי 57 גרם</ItemName>
      <ManufacturerName>מרס הולנד בי.וי.</ManufacturerName>
      <ManufactureCountry>NL</ManufactureCountry>
      <ManufacturerItemDescription>חטיף באונטי</ManufacturerItemDescription>
      <UnitQty>גרמים</UnitQty>
      <Quantity>57.00</Quantity>
      <bIsWeighted>0</bIsWeighted>
      <UnitOfMeasure>100 גרם</UnitOfMeasure>
      <QtyInPackage>0</QtyInPackage>
      <ItemPrice>4.60</ItemPrice>
      <UnitOfMeasurePrice>8.07</UnitOfMeasurePrice>
      <AllowDiscount>1</AllowDiscount>
      <ItemStatus>1</ItemStatus>
    </Item>
    <Item>
      <PriceUpdateDate>2020-10-10 19:00</PriceUpdateDate>
      <ItemCode>4014400901191</ItemCode>
      <ItemType>1</ItemType>
      <ItemName>בונבוניירה מרסי 250 גרם</ItemName>
      <ManufacturerName>אוגוסט שטורק</ManufacturerName>
      <ManufactureCountry>DE</ManufactureCountry>
      <ManufacturerItemDescription>בונבוניירת מרסי</ManufacturerItemDescription>
      <UnitQty>גרמים</UnitQty>
      <Quantity>250.00</Quantity>
      <bIsWeighted>0</bIsWeighted>
      <UnitOfMeasure>100 גרם</UnitOfMeasure>
      <QtyInPackage>0</QtyInPackage>
      <ItemPrice>23.90</ItemPrice>
      <UnitOfMeasurePrice>9.56</UnitOfMeasurePrice>
      <AllowDiscount>1</AllowDiscount>
      <ItemStatus>1</ItemStatus>
    </Item>
    <Item>
      <PriceUpdateDate>2017-02-07 07:16</PriceUpdateDate>
      <ItemCode>4014400907902</ItemCode>
      <ItemType>1</ItemType>
      <ItemName>סוכ.וורטר ל.סוכר בוקס42ג</ItemName>
      <ManufacturerName>שטורק</ManufacturerName>
      <ManufactureCountry>DE</ManufactureCountry>
      <ManufacturerItemDescription>סוכריות וורטר</ManufacturerItemDescription>
      <UnitQty>גרמים</UnitQty>
      <Quantity>42.00</Quantity>
      <bIsWeighted>0</bIsWeighted>
      <UnitOfMeasure>100 גרם</UnitOfMeasure>
      <QtyInPackage>0</QtyInPackage>
      <ItemPrice>7.10</ItemPrice>
      <UnitOfMeasurePrice>16.90</UnitOfMeasurePrice>
      <AllowDiscount>1</AllowDiscount>
      <ItemStatus>1</ItemStatus>
    </Item>
    <Item>
      <PriceUpdateDate>2018-04-30 10:58</PriceUpdateDate>
      <ItemCode>4014400910063</ItemCode>
      <ItemType>1</ItemType>
      <ItemName>סוכריות חמאה וורטר135גרם</ItemName>
      <ManufacturerName>אוגוסט שטורק</ManufacturerName>
      <ManufactureCountry>DE</ManufactureCountry>
      <ManufacturerItemDescription>סוכריות וורטר</ManufacturerItemDescription>
      <UnitQty>גרמים</UnitQty>
      <Quantity>135.00</Quantity>
      <bIsWeighted>0</bIsWeighted>
      <UnitOfMeasure>100 גרם</UnitOfMeasure>
      <QtyInPackage>0</QtyInPackage>
      <ItemPrice>9.50</ItemPrice>
      <UnitOfMeasurePrice>7.04</UnitOfMeasurePrice>
      <AllowDiscount>1</AllowDiscount>
      <ItemStatus>1</ItemStatus>
    </Item>
    <Item>
      <PriceUpdateDate>2018-04-30 10:58</PriceUpdateDate>
      <ItemCode>4014400914924</ItemCode>
      <ItemType>1</ItemType>
      <ItemName>סוכ.וורטר ללא סוכר קפה80</ItemName>
      <ManufacturerName>אוגוסט שטורק</ManufacturerName>
      <ManufactureCountry>DE</ManufactureCountry>
      <ManufacturerItemDescription>סוכריות וורטר</ManufacturerItemDescription>
      <UnitQty>גרמים</UnitQty>
      <Quantity>80.00</Quantity>
      <bIsWeighted>0</bIsWeighted>
      <UnitOfMeasure>100 גרם</UnitOfMeasure>
      <QtyInPackage>0</QtyInPackage>
      <ItemPrice>9.50</ItemPrice>
      <UnitOfMeasurePrice>11.88</UnitOfMeasurePrice>
      <AllowDiscount>1</AllowDiscount>
      <ItemStatus>1</ItemStatus>
    </Item>
    <Item>
      <PriceUpdateDate>2020-10-10 19:00</PriceUpdateDate>
      <ItemCode>4014400923711</ItemCode>
      <ItemType>1</ItemType>
      <ItemName>טופיפי 125 גרם</ItemName>
      <ManufacturerName>אוגוסט שטורק</ManufacturerName>
      <ManufactureCountry>DE</ManufactureCountry>
      <ManufacturerItemDescription>טופיפי</ManufacturerItemDescription>
      <UnitQty>גרמים</UnitQty>
      <Quantity>125.00</Quantity>
      <bIsWeighted>0</bIsWeighted>
      <UnitOfMeasure>100 גרם</UnitOfMeasure>
      <QtyInPackage>1</QtyInPackage>
      <ItemPrice>10.90</ItemPrice>
      <UnitOfMeasurePrice>8.72</UnitOfMeasurePrice>
      <AllowDiscount>1</AllowDiscount>
      <ItemStatus>1</ItemStatus>
    </Item>
    <Item>
      <PriceUpdateDate>2016-07-01 07:15</PriceUpdateDate>
      <ItemCode>4015400269762</ItemCode>
      <ItemType>1</ItemType>
      <ItemName>טמפקס פרל רגולר 20יחידות</ItemName>
      <ManufacturerName>פרוקטר אנד גמבל</ManufacturerName>
      <ManufactureCountry>HU</ManufactureCountry>
      <ManufacturerItemDescription>טמפקס פרל</ManufacturerItemDescription>
      <UnitQty>יחידה</UnitQty>
      <Quantity>1.00</Quantity>
      <bIsWeighted>0</bIsWeighted>
      <UnitOfMeasure>יחידה</UnitOfMeasure>
      <QtyInPackage>0</QtyInPackage>
      <ItemPrice>24.90</ItemPrice>
      <UnitOfMeasurePrice>24.90</UnitOfMeasurePrice>
      <AllowDiscount>1</AllowDiscount>
      <ItemStatus>1</ItemStatus>
    </Item>
    <Item>
      <PriceUpdateDate>2018-05-22 12:22</PriceUpdateDate>
      <ItemCode>4015400746812</ItemCode>
      <ItemType>1</ItemType>
      <ItemName>80מגני תח.אולוייז מגה פק</ItemName>
      <ManufacturerName>פרוקטר אנד גמבל</ManufacturerName>
      <ManufactureCountry>UA</ManufactureCountry>
      <ManufacturerItemDescription>מגן תחתון אולויז</ManufacturerItemDescription>
      <UnitQty>יחידה</UnitQty>
      <Quantity>1.00</Quantity>
      <bIsWeighted>0</bIsWeighted>
      <UnitOfMeasure>יחידה</UnitOfMeasure>
      <QtyInPackage>1</QtyInPackage>
      <ItemPrice>22.90</ItemPrice>
      <UnitOfMeasurePrice>22.90</UnitOfMeasurePrice>
      <AllowDiscount>1</AllowDiscount>
      <ItemStatus>1</ItemStatus>
    </Item>
    <Item>
      <PriceUpdateDate>2018-05-22 12:22</PriceUpdateDate>
      <ItemCode>4015400755487</ItemCode>
      <ItemType>1</ItemType>
      <ItemName>24 תח.אולוייז דואו לונג</ItemName>
      <ManufacturerName>פרוקטר אנד גמבל</ManufacturerName>
      <ManufactureCountry>UA</ManufactureCountry>
      <ManufacturerItemDescription>תחבושות אולוייז</ManufacturerItemDescription>
      <UnitQty>יחידה</UnitQty>
      <Quantity>1.00</Quantity>
      <bIsWeighted>0</bIsWeighted>
      <UnitOfMeasure>יחידה</UnitOfMeasure>
      <QtyInPackage>1</QtyInPackage>
      <ItemPrice>23.90</ItemPrice>
      <UnitOfMeasurePrice>23.90</UnitOfMeasurePrice>
      <AllowDiscount>1</AllowDiscount>
      <ItemStatus>1</ItemStatus>
    </Item>
    <Item>
      <PriceUpdateDate>2017-12-05 11:56</PriceUpdateDate>
      <ItemCode>4015600763251</ItemCode>
      <ItemType>1</ItemType>
      <ItemName>שמפו הד&amp;שולדרס קלאסי 600</ItemName>
      <ManufacturerName>פרוקטר אנד גמבל</ManufacturerName>
      <ManufactureCountry>RO</ManufactureCountry>
      <ManufacturerItemDescription>שמפו הד&amp;שולדרס</ManufacturerItemDescription>
      <UnitQty>מיליליטרים</UnitQty>
      <Quantity>600.00</Quantity>
      <bIsWeighted>0</bIsWeighted>
      <UnitOfMeasure>100 מ"ל</UnitOfMeasure>
      <QtyInPackage>0</QtyInPackage>
      <ItemPrice>28.70</ItemPrice>
      <UnitOfMeasurePrice>4.78</UnitOfMeasurePrice>
      <AllowDiscount>1</AllowDiscount>
      <ItemStatus>1</ItemStatus>
    </Item>
    <Item>
      <PriceUpdateDate>2017-12-05 11:56</PriceUpdateDate>
      <ItemCode>4015600763411</ItemCode>
      <ItemType>1</ItemType>
      <ItemName>שמפו הד&amp;שולדרס מנטול 600</ItemName>
      <ManufacturerName>פרוקטר אנד גמבל</ManufacturerName>
      <ManufactureCountry>RO</ManufactureCountry>
      <ManufacturerItemDescription>שמפו הד&amp;שולדרס</ManufacturerItemDescription>
      <UnitQty>מיליליטרים</UnitQty>
      <Quantity>600.00</Quantity>
      <bIsWeighted>0</bIsWeighted>
      <UnitOfMeasure>100 מ"ל</UnitOfMeasure>
      <QtyInPackage>0</QtyInPackage>
      <ItemPrice>28.70</ItemPrice>
      <UnitOfMeasurePrice>4.78</UnitOfMeasurePrice>
      <AllowDiscount>1</AllowDiscount>
      <ItemStatus>1</ItemStatus>
    </Item>
    <Item>
      <PriceUpdateDate>2016-02-02 06:49</PriceUpdateDate>
      <ItemCode>4017100198151</ItemCode>
      <ItemType>1</ItemType>
      <ItemName>עוג.סנדוויץ היט וניל220ג</ItemName>
      <ManufacturerName>באלסן</ManufacturerName>
      <ManufactureCountry>PL</ManufactureCountry>
      <ManufacturerItemDescription>עוגיות סנדוויץ</ManufacturerItemDescription>
      <UnitQty>גרמים</UnitQty>
      <Quantity>220.00</Quantity>
      <bIsWeighted>0</bIsWeighted>
      <UnitOfMeasure>100 גרם</UnitOfMeasure>
      <QtyInPackage>1</QtyInPackage>
      <ItemPrice>9.90</ItemPrice>
      <UnitOfMeasurePrice>4.50</UnitOfMeasurePrice>
      <AllowDiscount>1</AllowDiscount>
      <ItemStatus>1</ItemStatus>
    </Item>
    <Item>
      <PriceUpdateDate>2017-03-07 06:45</PriceUpdateDate>
      <ItemCode>4025700001023</ItemCode>
      <ItemType>1</ItemType>
      <ItemName>שוק.חלב אגוזים מילקה100ג</ItemName>
      <ManufacturerName>מונדלייז</ManufacturerName>
      <ManufactureCountry>DE</ManufactureCountry>
      <ManufacturerItemDescription>שוקולד מילקה</ManufacturerItemDescription>
      <UnitQty>גרמים</UnitQty>
      <Quantity>100.00</Quantity>
      <bIsWeighted>0</bIsWeighted>
      <UnitOfMeasure>100 גרם</UnitOfMeasure>
      <QtyInPackage>0</QtyInPackage>
      <ItemPrice>7.90</ItemPrice>
      <UnitOfMeasurePrice>7.90</UnitOfMeasurePrice>
      <AllowDiscount>1</AllowDiscount>
      <ItemStatus>1</ItemStatus>
    </Item>
    <Item>
      <PriceUpdateDate>2020-05-22 05:36</PriceUpdateDate>
      <ItemCode>4025700001962</ItemCode>
      <ItemType>1</ItemType>
      <ItemName>שוקולד לבן מילקה 100 גרם</ItemName>
      <ManufacturerName>מונדלייז</ManufacturerName>
      <ManufactureCountry>UA</ManufactureCountry>
      <ManufacturerItemDescription>שוקולד לבן</ManufacturerItemDescription>
      <UnitQty>גרמים</UnitQty>
      <Quantity>100.00</Quantity>
      <bIsWeighted>0</bIsWeighted>
      <UnitOfMeasure>100 גרם</UnitOfMeasure>
      <QtyInPackage>1</QtyInPackage>
      <ItemPrice>7.90</ItemPrice>
      <UnitOfMeasurePrice>7.90</UnitOfMeasurePrice>
      <AllowDiscount>1</AllowDiscount>
      <ItemStatus>1</ItemStatus>
    </Item>
    <Item>
      <PriceUpdateDate>2020-02-07 05:36</PriceUpdateDate>
      <ItemCode>4030600227503</ItemCode>
      <ItemType>1</ItemType>
      <ItemName>סיגריות דוידוף גולד חפיס</ItemName>
      <ManufacturerName>אימפריאל טובקו</ManufacturerName>
      <ManufactureCountry>DE</ManufactureCountry>
      <ManufacturerItemDescription>סיגריות דוידוף</ManufacturerItemDescription>
      <UnitQty>יחידה</UnitQty>
      <Quantity>1.00</Quantity>
      <bIsWeighted>0</bIsWeighted>
      <UnitOfMeasure>יחידה</UnitOfMeasure>
      <QtyInPackage>1</QtyInPackage>
      <ItemPrice>34.00</ItemPrice>
      <UnitOfMeasurePrice>34.00</UnitOfMeasurePrice>
      <AllowDiscount>0</AllowDiscount>
      <ItemStatus>1</ItemStatus>
    </Item>
    <Item>
      <PriceUpdateDate>2019-12-31 12:23</PriceUpdateDate>
      <ItemCode>4033100013348</ItemCode>
      <ItemType>1</ItemType>
      <ItemName>אל די ארוך חפ</ItemName>
      <ManufacturerName>jti</ManufacturerName>
      <ManufactureCountry>TR</ManufactureCountry>
      <ManufacturerItemDescription>אל די ארוך חפיסה</ManufacturerItemDescription>
      <UnitQty>יחידה</UnitQty>
      <Quantity>1.00</Quantity>
      <bIsWeighted>0</bIsWeighted>
      <UnitOfMeasure>יחידה</UnitOfMeasure>
      <QtyInPackage>0</QtyInPackage>
      <ItemPrice>26.00</ItemPrice>
      <UnitOfMeasurePrice>26.00</UnitOfMeasurePrice>
      <AllowDiscount>0</AllowDiscount>
      <ItemStatus>1</ItemStatus>
    </Item>
    <Item>
      <PriceUpdateDate>2019-12-31 12:23</PriceUpdateDate>
      <ItemCode>4033100014468</ItemCode>
      <ItemType>1</ItemType>
      <ItemName>אל די אדום חפ</ItemName>
      <ManufacturerName>jti</ManufacturerName>
      <ManufactureCountry>TR</ManufactureCountry>
      <ManufacturerItemDescription>אל די אדום חפיסה</ManufacturerItemDescription>
      <UnitQty>יחידה</UnitQty>
      <Quantity>1.00</Quantity>
      <bIsWeighted>0</bIsWeighted>
      <UnitOfMeasure>יחידה</UnitOfMeasure>
      <QtyInPackage>0</QtyInPackage>
      <ItemPrice>26.00</ItemPrice>
      <UnitOfMeasurePrice>26.00</UnitOfMeasurePrice>
      <AllowDiscount>0</AllowDiscount>
      <ItemStatus>1</ItemStatus>
    </Item>
    <Item>
      <PriceUpdateDate>2019-12-31 12:23</PriceUpdateDate>
      <ItemCode>4033100014499</ItemCode>
      <ItemType>1</ItemType>
      <ItemName>אל די כחול חפ</ItemName>
      <ManufacturerName>jti</ManufacturerName>
      <ManufactureCountry>TR</ManufactureCountry>
      <ManufacturerItemDescription>אל די כחול חפיסה</ManufacturerItemDescription>
      <UnitQty>יחידה</UnitQty>
      <Quantity>1.00</Quantity>
      <bIsWeighted>0</bIsWeighted>
      <UnitOfMeasure>יחידה</UnitOfMeasure>
      <QtyInPackage>0</QtyInPackage>
      <ItemPrice>26.00</ItemPrice>
      <UnitOfMeasurePrice>26.00</UnitOfMeasurePrice>
      <AllowDiscount>0</AllowDiscount>
      <ItemStatus>1</ItemStatus>
    </Item>
    <Item>
      <PriceUpdateDate>2019-12-31 12:23</PriceUpdateDate>
      <ItemCode>4033100014529</ItemCode>
      <ItemType>1</ItemType>
      <ItemName>אל די סלימס חפ</ItemName>
      <ManufacturerName>jti</ManufacturerName>
      <ManufactureCountry>TR</ManufactureCountry>
      <ManufacturerItemDescription>אל די סלימס חפ.</ManufacturerItemDescription>
      <UnitQty>יחידה</UnitQty>
      <Quantity>1.00</Quantity>
      <bIsWeighted>0</bIsWeighted>
      <UnitOfMeasure>יחידה</UnitOfMeasure>
      <QtyInPackage>0</QtyInPackage>
      <ItemPrice>26.00</ItemPrice>
      <UnitOfMeasurePrice>26.00</UnitOfMeasurePrice>
      <AllowDiscount>0</AllowDiscount>
      <ItemStatus>1</ItemStatus>
    </Item>
    <Item>
      <PriceUpdateDate>2016-05-10 07:05</PriceUpdateDate>
      <ItemCode>4033100024146</ItemCode>
      <ItemType>1</ItemType>
      <ItemName>וינסטון קוד חפ</ItemName>
      <ManufacturerName>jti</ManufacturerName>
      <ManufactureCountry>CH</ManufactureCountry>
      <ManufacturerItemDescription>סיגריות ווינסטון</ManufacturerItemDescription>
      <UnitQty>יחידה</UnitQty>
      <Quantity>1.00</Quantity>
      <bIsWeighted>0</bIsWeighted>
      <UnitOfMeasure>יחידה</UnitOfMeasure>
      <QtyInPackage>0</QtyInPackage>
      <ItemPrice>31.00</ItemPrice>
      <UnitOfMeasurePrice>31.00</UnitOfMeasurePrice>
      <AllowDiscount>0</AllowDiscount>
      <ItemStatus>1</ItemStatus>
    </Item>
    <Item>
      <PriceUpdateDate>2016-05-10 07:05</PriceUpdateDate>
      <ItemCode>4033100024252</ItemCode>
      <ItemType>1</ItemType>
      <ItemName>וינסטון אקווה חפ</ItemName>
      <ManufacturerName>jti</ManufacturerName>
      <ManufactureCountry>CH</ManufactureCountry>
      <ManufacturerItemDescription>סיגריות ווינסטון</ManufacturerItemDescription>
      <UnitQty>יחידה</UnitQty>
      <Quantity>1.00</Quantity>
      <bIsWeighted>0</bIsWeighted>
      <UnitOfMeasure>יחידה</UnitOfMeasure>
      <QtyInPackage>0</QtyInPackage>
      <ItemPrice>31.00</ItemPrice>
      <UnitOfMeasurePrice>31.00</UnitOfMeasurePrice>
      <AllowDiscount>0</AllowDiscount>
      <ItemStatus>1</ItemStatus>
    </Item>
    <Item>
      <PriceUpdateDate>2019-07-24 08:21</PriceUpdateDate>
      <ItemCode>4033100038914</ItemCode>
      <ItemType>1</ItemType>
      <ItemName>כאמל צהוב טבק חפ</ItemName>
      <ManufacturerName>jti</ManufacturerName>
      <ManufactureCountry>GB</ManufactureCountry>
      <ManufacturerItemDescription>טבק לגלגול כאמל</ManufacturerItemDescription>
      <UnitQty>יחידה</UnitQty>
      <Quantity>1.00</Quantity>
      <bIsWeighted>0</bIsWeighted>
      <UnitOfMeasure>יחידה</UnitOfMeasure>
      <QtyInPackage>0</QtyInPackage>
      <ItemPrice>73.00</ItemPrice>
      <UnitOfMeasurePrice>73.00</UnitOfMeasurePrice>
      <AllowDiscount>0</AllowDiscount>
      <ItemStatus>1</ItemStatus>
    </Item>
    <Item>
      <PriceUpdateDate>2016-05-10 07:05</PriceUpdateDate>
      <ItemCode>4033100046490</ItemCode>
      <ItemType>1</ItemType>
      <ItemName>וינסטון אקווה ארוך חפ</ItemName>
      <ManufacturerName>jti</ManufacturerName>
      <ManufactureCountry>CH</ManufactureCountry>
      <ManufacturerItemDescription>חפיסת ווינסטון</ManufacturerItemDescription>
      <UnitQty>יחידה</UnitQty>
      <Quantity>1.00</Quantity>
      <bIsWeighted>0</bIsWeighted>
      <UnitOfMeasure>יחידה</UnitOfMeasure>
      <QtyInPackage>0</QtyInPackage>
      <ItemPrice>31.00</ItemPrice>
      <UnitOfMeasurePrice>31.00</UnitOfMeasurePrice>
      <AllowDiscount>0</AllowDiscount>
      <ItemStatus>1</ItemStatus>
    </Item>
    <Item>
      <PriceUpdateDate>2019-07-24 08:21</PriceUpdateDate>
      <ItemCode>4033100047350</ItemCode>
      <ItemType>1</ItemType>
      <ItemName>כאמל כחול טבק חפ</ItemName>
      <ManufacturerName>jti</ManufacturerName>
      <ManufactureCountry>GB</ManufactureCountry>
      <ManufacturerItemDescription>טבק לגלגול כאמל</ManufacturerItemDescription>
      <UnitQty>יחידה</UnitQty>
      <Quantity>1.00</Quantity>
      <bIsWeighted>0</bIsWeighted>
      <UnitOfMeasure>יחידה</UnitOfMeasure>
      <QtyInPackage>0</QtyInPackage>
      <ItemPrice>73.00</ItemPrice>
      <UnitOfMeasurePrice>73.00</UnitOfMeasurePrice>
      <AllowDiscount>0</AllowDiscount>
      <ItemStatus>1</ItemStatus>
    </Item>
    <Item>
      <PriceUpdateDate>2019-07-24 08:21</PriceUpdateDate>
      <ItemCode>4033100064036</ItemCode>
      <ItemType>1</ItemType>
      <ItemName>וינסטון כחול טבק חפ</ItemName>
      <ManufacturerName>jti</ManufacturerName>
      <ManufactureCountry>GB</ManufactureCountry>
      <ManufacturerItemDescription>טבק לגלגול</ManufacturerItemDescription>
      <UnitQty>יחידה</UnitQty>
      <Quantity>1.00</Quantity>
      <bIsWeighted>0</bIsWeighted>
      <UnitOfMeasure>יחידה</UnitOfMeasure>
      <QtyInPackage>1</QtyInPackage>
      <ItemPrice>73.00</ItemPrice>
      <UnitOfMeasurePrice>73.00</UnitOfMeasurePrice>
      <AllowDiscount>0</AllowDiscount>
      <ItemStatus>1</ItemStatus>
    </Item>
    <Item>
      <PriceUpdateDate>2019-07-24 08:21</PriceUpdateDate>
      <ItemCode>4043058010412</ItemCode>
      <ItemType>1</ItemType>
      <ItemName>אמריקן ספיריט צהוב טבק ח</ItemName>
      <ManufacturerName>פלנטה טבק</ManufacturerName>
      <ManufactureCountry>DE</ManufactureCountry>
      <ManufacturerItemDescription>טבק אמריקן</ManufacturerItemDescription>
      <UnitQty>גרמים</UnitQty>
      <Quantity>30.00</Quantity>
      <bIsWeighted>0</bIsWeighted>
      <UnitOfMeasure>100 גרם</UnitOfMeasure>
      <QtyInPackage>1</QtyInPackage>
      <ItemPrice>76.00</ItemPrice>
      <UnitOfMeasurePrice>253.33</UnitOfMeasurePrice>
      <AllowDiscount>0</AllowDiscount>
      <ItemStatus>1</ItemStatus>
    </Item>
    <Item>
      <PriceUpdateDate>2017-05-03 11:53</PriceUpdateDate>
      <ItemCode>4084500853553</ItemCode>
      <ItemType>1</ItemType>
      <ItemName>פיירי אורגינל 650מל</ItemName>
      <ManufacturerName>פרוקטר אנד גמבל</ManufacturerName>
      <ManufactureCountry>GB</ManufactureCountry>
      <ManufacturerItemDescription>נוזל כלים פיירי</ManufacturerItemDescription>
      <UnitQty>מיליליטרים</UnitQty>
      <Quantity>650.00</Quantity>
      <bIsWeighted>0</bIsWeighted>
      <UnitOfMeasure>100 מ"ל</UnitOfMeasure>
      <QtyInPackage>1</QtyInPackage>
      <ItemPrice>10.90</ItemPrice>
      <UnitOfMeasurePrice>1.68</UnitOfMeasurePrice>
      <AllowDiscount>1</AllowDiscount>
      <ItemStatus>1</ItemStatus>
    </Item>
    <Item>
      <PriceUpdateDate>2016-07-15 07:55</PriceUpdateDate>
      <ItemCode>42101666</ItemCode>
      <ItemType>1</ItemType>
      <ItemName>איירוייבז HP אקליפטוס35ג</ItemName>
      <ManufacturerName>ריגלי</ManufacturerName>
      <ManufactureCountry>GB</ManufactureCountry>
      <ManufacturerItemDescription>מסטיק איירווייבז</ManufacturerItemDescription>
      <UnitQty>גרמים</UnitQty>
      <Quantity>35.00</Quantity>
      <bIsWeighted>0</bIsWeighted>
      <UnitOfMeasure>100 גרם</UnitOfMeasure>
      <QtyInPackage>1</QtyInPackage>
      <ItemPrice>6.50</ItemPrice>
      <UnitOfMeasurePrice>18.57</UnitOfMeasurePrice>
      <AllowDiscount>1</AllowDiscount>
      <ItemStatus>1</ItemStatus>
    </Item>
    <Item>
      <PriceUpdateDate>2016-05-10 07:05</PriceUpdateDate>
      <ItemCode>42138105</ItemCode>
      <ItemType>1</ItemType>
      <ItemName>וינסטון סופר סלמס כחול ח</ItemName>
      <ManufacturerName>jti</ManufacturerName>
      <ManufactureCountry>CH</ManufactureCountry>
      <ManufacturerItemDescription>וינסטון סופר חפ.</ManufacturerItemDescription>
      <UnitQty>יחידה</UnitQty>
      <Quantity>1.00</Quantity>
      <bIsWeighted>0</bIsWeighted>
      <UnitOfMeasure>יחידה</UnitOfMeasure>
      <QtyInPackage>0</QtyInPackage>
      <ItemPrice>31.00</ItemPrice>
      <UnitOfMeasurePrice>31.00</UnitOfMeasurePrice>
      <AllowDiscount>0</AllowDiscount>
      <ItemStatus>1</ItemStatus>
    </Item>
    <Item>
      <PriceUpdateDate>2016-05-10 07:05</PriceUpdateDate>
      <ItemCode>42138129</ItemCode>
      <ItemType>1</ItemType>
      <ItemName>וינסטון סופר סלמס מנטל ח</ItemName>
      <ManufacturerName>jti</ManufacturerName>
      <ManufactureCountry>CH</ManufactureCountry>
      <ManufacturerItemDescription>וינסטון סופר חפ.</ManufacturerItemDescription>
      <UnitQty>יחידה</UnitQty>
      <Quantity>1.00</Quantity>
      <bIsWeighted>0</bIsWeighted>
      <UnitOfMeasure>יחידה</UnitOfMeasure>
      <QtyInPackage>0</QtyInPackage>
      <ItemPrice>31.00</ItemPrice>
      <UnitOfMeasurePrice>31.00</UnitOfMeasurePrice>
      <AllowDiscount>0</AllowDiscount>
      <ItemStatus>1</ItemStatus>
    </Item>
    <Item>
      <PriceUpdateDate>2019-12-31 12:23</PriceUpdateDate>
      <ItemCode>42139430</ItemCode>
      <ItemType>1</ItemType>
      <ItemName>כאמל שחור חפ</ItemName>
      <ManufacturerName>jti</ManufacturerName>
      <ManufactureCountry>CH</ManufactureCountry>
      <ManufacturerItemDescription>כאמל שחור חפיסה</ManufacturerItemDescription>
      <UnitQty>יחידה</UnitQty>
      <Quantity>1.00</Quantity>
      <bIsWeighted>0</bIsWeighted>
      <UnitOfMeasure>יחידה</UnitOfMeasure>
      <QtyInPackage>0</QtyInPackage>
      <ItemPrice>31.00</ItemPrice>
      <UnitOfMeasurePrice>31.00</UnitOfMeasurePrice>
      <AllowDiscount>0</AllowDiscount>
      <ItemStatus>1</ItemStatus>
    </Item>
    <Item>
      <PriceUpdateDate>2019-12-31 12:23</PriceUpdateDate>
      <ItemCode>42139447</ItemCode>
      <ItemType>1</ItemType>
      <ItemName>כאמל לבן חפ</ItemName>
      <ManufacturerName>jti</ManufacturerName>
      <ManufactureCountry>CH</ManufactureCountry>
      <ManufacturerItemDescription>כאמל לבן חפיסה</ManufacturerItemDescription>
      <UnitQty>יחידה</UnitQty>
      <Quantity>1.00</Quantity>
      <bIsWeighted>0</bIsWeighted>
      <UnitOfMeasure>יחידה</UnitOfMeasure>
      <QtyInPackage>0</QtyInPackage>
      <ItemPrice>31.00</ItemPrice>
      <UnitOfMeasurePrice>31.00</UnitOfMeasurePrice>
      <AllowDiscount>0</AllowDiscount>
      <ItemStatus>1</ItemStatus>
    </Item>
    <Item>
      <PriceUpdateDate>2015-09-30 08:05</PriceUpdateDate>
      <ItemCode>42182108</ItemCode>
      <ItemType>1</ItemType>
      <ItemName>מסטיק פייב פפרמינט סטי40</ItemName>
      <ManufacturerName>ריגלי צרפת</ManufacturerName>
      <ManufactureCountry>FR</ManufactureCountry>
      <ManufacturerItemDescription>מסטיק פייב סטיקס</ManufacturerItemDescription>
      <UnitQty>גרמים</UnitQty>
      <Quantity>40.00</Quantity>
      <bIsWeighted>0</bIsWeighted>
      <UnitOfMeasure>100 גרם</UnitOfMeasure>
      <QtyInPackage>0</QtyInPackage>
      <ItemPrice>7.40</ItemPrice>
      <UnitOfMeasurePrice>18.50</UnitOfMeasurePrice>
      <AllowDiscount>1</AllowDiscount>
      <ItemStatus>1</ItemStatus>
    </Item>
    <Item>
      <PriceUpdateDate>2015-09-30 08:05</PriceUpdateDate>
      <ItemCode>42182115</ItemCode>
      <ItemType>1</ItemType>
      <ItemName>מסטיק 5 ספירמינט סטיקס40</ItemName>
      <ManufacturerName>ריגלי צרפת</ManufacturerName>
      <ManufactureCountry>FR</ManufactureCountry>
      <ManufacturerItemDescription>5 מנטה עדינה</ManufacturerItemDescription>
      <UnitQty>גרמים</UnitQty>
      <Quantity>40.00</Quantity>
      <bIsWeighted>0</bIsWeighted>
      <UnitOfMeasure>100 גרם</UnitOfMeasure>
      <QtyInPackage>0</QtyInPackage>
      <ItemPrice>7.40</ItemPrice>
      <UnitOfMeasurePrice>18.50</UnitOfMeasurePrice>
      <AllowDiscount>1</AllowDiscount>
      <ItemStatus>1</ItemStatus>
    </Item>
    <Item>
      <PriceUpdateDate>2015-09-30 08:05</PriceUpdateDate>
      <ItemCode>42188889</ItemCode>
      <ItemType>1</ItemType>
      <ItemName>מסטיק פייב אבטיח סטיקס40</ItemName>
      <ManufacturerName>ריגלי צרפת</ManufacturerName>
      <ManufactureCountry>FR</ManufactureCountry>
      <ManufacturerItemDescription>מסטיק 5 אבטיח</ManufacturerItemDescription>
      <UnitQty>גרמים</UnitQty>
      <Quantity>40.00</Quantity>
      <bIsWeighted>0</bIsWeighted>
      <UnitOfMeasure>100 גרם</UnitOfMeasure>
      <QtyInPackage>0</QtyInPackage>
      <ItemPrice>7.40</ItemPrice>
      <UnitOfMeasurePrice>18.50</UnitOfMeasurePrice>
      <AllowDiscount>1</AllowDiscount>
      <ItemStatus>1</ItemStatus>
    </Item>
    <Item>
      <PriceUpdateDate>2017-02-07 07:16</PriceUpdateDate>
      <ItemCode>42212119</ItemCode>
      <ItemType>1</ItemType>
      <ItemName>מסטיק פפרמינט מעטפה 27גר</ItemName>
      <ManufacturerName>ריגלי צרפת</ManufacturerName>
      <ManufactureCountry>FR</ManufactureCountry>
      <ManufacturerItemDescription>אורביט מעטפה</ManufacturerItemDescription>
      <UnitQty>גרמים</UnitQty>
      <Quantity>27.00</Quantity>
      <bIsWeighted>0</bIsWeighted>
      <UnitOfMeasure>100 גרם</UnitOfMeasure>
      <QtyInPackage>1</QtyInPackage>
      <ItemPrice>6.70</ItemPrice>
      <UnitOfMeasurePrice>24.81</UnitOfMeasurePrice>
      <AllowDiscount>1</AllowDiscount>
      <ItemStatus>1</ItemStatus>
    </Item>
    <Item>
      <PriceUpdateDate>2019-08-07 11:59</PriceUpdateDate>
      <ItemCode>46024817</ItemCode>
      <ItemType>1</ItemType>
      <ItemName>נקסט FF חפ</ItemName>
      <ManufacturerName>פיליפ מוריס</ManufacturerName>
      <ManufactureCountry />
      <ManufacturerItemDescription>נקסט כחול</ManufacturerItemDescription>
      <UnitQty>יחידה</UnitQty>
      <Quantity>1.00</Quantity>
      <bIsWeighted>0</bIsWeighted>
      <UnitOfMeasure>יחידה</UnitOfMeasure>
      <QtyInPackage>0</QtyInPackage>
      <ItemPrice>29.00</ItemPrice>
      <UnitOfMeasurePrice>29.00</UnitOfMeasurePrice>
      <AllowDiscount>0</AllowDiscount>
      <ItemStatus>1</ItemStatus>
    </Item>
    <Item>
      <PriceUpdateDate>2019-08-07 11:59</PriceUpdateDate>
      <ItemCode>46024824</ItemCode>
      <ItemType>1</ItemType>
      <ItemName>נקסט חפ</ItemName>
      <ManufacturerName>פיליפ מוריס</ManufacturerName>
      <ManufactureCountry />
      <ManufacturerItemDescription>נקסט</ManufacturerItemDescription>
      <UnitQty>יחידה</UnitQty>
      <Quantity>1.00</Quantity>
      <bIsWeighted>0</bIsWeighted>
      <UnitOfMeasure>יחידה</UnitOfMeasure>
      <QtyInPackage>0</QtyInPackage>
      <ItemPrice>29.00</ItemPrice>
      <UnitOfMeasurePrice>29.00</UnitOfMeasurePrice>
      <AllowDiscount>0</AllowDiscount>
      <ItemStatus>1</ItemStatus>
    </Item>
    <Item>
      <PriceUpdateDate>2019-08-07 11:59</PriceUpdateDate>
      <ItemCode>46026491</ItemCode>
      <ItemType>1</ItemType>
      <ItemName>פרלמנט סופר סלימס חפ</ItemName>
      <ManufacturerName>פיליפ מוריס</ManufacturerName>
      <ManufactureCountry />
      <ManufacturerItemDescription>פרלמנט חפיסה</ManufacturerItemDescription>
      <UnitQty>יחידה</UnitQty>
      <Quantity>1.00</Quantity>
      <bIsWeighted>0</bIsWeighted>
      <UnitOfMeasure>יחידה</UnitOfMeasure>
      <QtyInPackage>0</QtyInPackage>
      <ItemPrice>38.90</ItemPrice>
      <UnitOfMeasurePrice>38.90</UnitOfMeasurePrice>
      <AllowDiscount>0</AllowDiscount>
      <ItemStatus>1</ItemStatus>
    </Item>
    <Item>
      <PriceUpdateDate>2020-08-25 08:47</PriceUpdateDate>
      <ItemCode>4603400000043</ItemCode>
      <ItemType>1</ItemType>
      <ItemName>וודקה רוסקי</ItemName>
      <ManufacturerName />
      <ManufactureCountry>RU</ManufactureCountry>
      <ManufacturerItemDescription>וודקה רוסקי</ManufacturerItemDescription>
      <UnitQty>מיליליטרים</UnitQty>
      <Quantity>700.00</Quantity>
      <bIsWeighted>0</bIsWeighted>
      <UnitOfMeasure>100 מ"ל</UnitOfMeasure>
      <QtyInPackage>0</QtyInPackage>
      <ItemPrice>76.90</ItemPrice>
      <UnitOfMeasurePrice>10.99</UnitOfMeasurePrice>
      <AllowDiscount>1</AllowDiscount>
      <ItemStatus>1</ItemStatus>
    </Item>
    <Item>
      <PriceUpdateDate>2018-05-22 12:22</PriceUpdateDate>
      <ItemCode>46214731552</ItemCode>
      <ItemType>1</ItemType>
      <ItemName>עוגיות שוקולד צ'יפס225גר</ItemName>
      <ManufacturerName>מרבה</ManufacturerName>
      <ManufactureCountry>NL</ManufactureCountry>
      <ManufacturerItemDescription>עוגיות ש.צ'יפס</ManufacturerItemDescription>
      <UnitQty>גרמים</UnitQty>
      <Quantity>225.00</Quantity>
      <bIsWeighted>0</bIsWeighted>
      <UnitOfMeasure>100 גרם</UnitOfMeasure>
      <QtyInPackage>0</QtyInPackage>
      <ItemPrice>10.90</ItemPrice>
      <UnitOfMeasurePrice>4.84</UnitOfMeasurePrice>
      <AllowDiscount>1</AllowDiscount>
      <ItemStatus>1</ItemStatus>
    </Item>
    <Item>
      <PriceUpdateDate>2019-01-23 17:53</PriceUpdateDate>
      <ItemCode>4710068001692</ItemCode>
      <ItemType>1</ItemType>
      <ItemName>מאסטר קפה לאטה 240 מ"ל</ItemName>
      <ManufacturerName>תאיט מרקטינג אנד דיסטריב</ManufacturerName>
      <ManufactureCountry>TW</ManufactureCountry>
      <ManufacturerItemDescription>מאסטר קפה</ManufacturerItemDescription>
      <UnitQty>מיליליטרים</UnitQty>
      <Quantity>240.00</Quantity>
      <bIsWeighted>0</bIsWeighted>
      <UnitOfMeasure>100 מ"ל</UnitOfMeasure>
      <QtyInPackage>0</QtyInPackage>
      <ItemPrice>6.90</ItemPrice>
      <UnitOfMeasurePrice>2.88</UnitOfMeasurePrice>
      <AllowDiscount>1</AllowDiscount>
      <ItemStatus>1</ItemStatus>
    </Item>
    <Item>
      <PriceUpdateDate>2019-01-23 17:53</PriceUpdateDate>
      <ItemCode>4710068001715</ItemCode>
      <ItemType>1</ItemType>
      <ItemName>מאסטר קפה</ItemName>
      <ManufacturerName />
      <ManufactureCountry>TW</ManufactureCountry>
      <ManufacturerItemDescription>מאסטר קפה</ManufacturerItemDescription>
      <UnitQty>מיליליטרים</UnitQty>
      <Quantity>240.00</Quantity>
      <bIsWeighted>0</bIsWeighted>
      <UnitOfMeasure>100 מ"ל</UnitOfMeasure>
      <QtyInPackage>0</QtyInPackage>
      <ItemPrice>6.90</ItemPrice>
      <UnitOfMeasurePrice>2.88</UnitOfMeasurePrice>
      <AllowDiscount>1</AllowDiscount>
      <ItemStatus>1</ItemStatus>
    </Item>
    <Item>
      <PriceUpdateDate>2020-10-10 18:30</PriceUpdateDate>
      <ItemCode>4800888150103</ItemCode>
      <ItemType>1</ItemType>
      <ItemName>דאו.דאב רול און כחול 50</ItemName>
      <ManufacturerName>יוניליוור</ManufacturerName>
      <ManufactureCountry>PH</ManufactureCountry>
      <ManufacturerItemDescription>דאודורנט דאב</ManufacturerItemDescription>
      <UnitQty>מיליליטרים</UnitQty>
      <Quantity>50.00</Quantity>
      <bIsWeighted>0</bIsWeighted>
      <UnitOfMeasure>100 מ"ל</UnitOfMeasure>
      <QtyInPackage>0</QtyInPackage>
      <ItemPrice>14.90</ItemPrice>
      <UnitOfMeasurePrice>29.80</UnitOfMeasurePrice>
      <AllowDiscount>1</AllowDiscount>
      <ItemStatus>1</ItemStatus>
    </Item>
    <Item>
      <PriceUpdateDate>2020-01-20 01:21</PriceUpdateDate>
      <ItemCode>5000157143365</ItemCode>
      <ItemType>1</ItemType>
      <ItemName>מתבל ט.מיונז וקטשופ425גר</ItemName>
      <ManufacturerName>פודליצקי ספ.ז.או.או,</ManufacturerName>
      <ManufactureCountry>PL</ManufactureCountry>
      <ManufacturerItemDescription>מתבל ט.מיונז</ManufacturerItemDescription>
      <UnitQty>גרמים</UnitQty>
      <Quantity>425.00</Quantity>
      <bIsWeighted>0</bIsWeighted>
      <UnitOfMeasure>100 גרם</UnitOfMeasure>
      <QtyInPackage>1</QtyInPackage>
      <ItemPrice>15.90</ItemPrice>
      <UnitOfMeasurePrice>3.74</UnitOfMeasurePrice>
      <AllowDiscount>1</AllowDiscount>
      <ItemStatus>1</ItemStatus>
    </Item>
    <Item>
      <PriceUpdateDate>2014-07-21 07:21</PriceUpdateDate>
      <ItemCode>5000159376655</ItemCode>
      <ItemType>1</ItemType>
      <ItemName>סוכריות סקיטלס פירות38ג</ItemName>
      <ManufacturerName>ריגלי ממתקים</ManufacturerName>
      <ManufactureCountry>CZ</ManufactureCountry>
      <ManufacturerItemDescription>סוכריות סקיטלס</ManufacturerItemDescription>
      <UnitQty>גרמים</UnitQty>
      <Quantity>38.00</Quantity>
      <bIsWeighted>0</bIsWeighted>
      <UnitOfMeasure>100 גרם</UnitOfMeasure>
      <QtyInPackage>0</QtyInPackage>
      <ItemPrice>3.40</ItemPrice>
      <UnitOfMeasurePrice>8.95</UnitOfMeasurePrice>
      <AllowDiscount>1</AllowDiscount>
      <ItemStatus>1</ItemStatus>
    </Item>
    <Item>
      <PriceUpdateDate>2017-07-04 09:43</PriceUpdateDate>
      <ItemCode>5000159407236</ItemCode>
      <ItemType>1</ItemType>
      <ItemName>חטיף מרס 51 גרם</ItemName>
      <ManufacturerName>מרס הולנד בי.וי.</ManufacturerName>
      <ManufactureCountry>NL</ManufactureCountry>
      <ManufacturerItemDescription>חטיף מרס</ManufacturerItemDescription>
      <UnitQty>גרמים</UnitQty>
      <Quantity>51.00</Quantity>
      <bIsWeighted>0</bIsWeighted>
      <UnitOfMeasure>100 גרם</UnitOfMeasure>
      <QtyInPackage>0</QtyInPackage>
      <ItemPrice>4.60</ItemPrice>
      <UnitOfMeasurePrice>9.02</UnitOfMeasurePrice>
      <AllowDiscount>1</AllowDiscount>
      <ItemStatus>1</ItemStatus>
    </Item>
    <Item>
      <PriceUpdateDate>2017-07-04 09:43</PriceUpdateDate>
      <ItemCode>5000159459228</ItemCode>
      <ItemType>1</ItemType>
      <ItemName>חטיף טוויקס 50 גרם</ItemName>
      <ManufacturerName>מרס</ManufacturerName>
      <ManufactureCountry>NL</ManufactureCountry>
      <ManufacturerItemDescription>חטיף טוויקס</ManufacturerItemDescription>
      <UnitQty>גרמים</UnitQty>
      <Quantity>50.00</Quantity>
      <bIsWeighted>0</bIsWeighted>
      <UnitOfMeasure>100 גרם</UnitOfMeasure>
      <QtyInPackage>0</QtyInPackage>
      <ItemPrice>4.60</ItemPrice>
      <UnitOfMeasurePrice>9.20</UnitOfMeasurePrice>
      <AllowDiscount>1</AllowDiscount>
      <ItemStatus>1</ItemStatus>
    </Item>
    <Item>
      <PriceUpdateDate>2017-07-04 09:43</PriceUpdateDate>
      <ItemCode>5000159461122</ItemCode>
      <ItemType>1</ItemType>
      <ItemName>חטיף סניקרס 50 גרם</ItemName>
      <ManufacturerName>מרס הולנד בי.וי.</ManufacturerName>
      <ManufactureCountry>NL</ManufactureCountry>
      <ManufacturerItemDescription>חטיף סניקרס</ManufacturerItemDescription>
      <UnitQty>גרמים</UnitQty>
      <Quantity>50.00</Quantity>
      <bIsWeighted>0</bIsWeighted>
      <UnitOfMeasure>100 גרם</UnitOfMeasure>
      <QtyInPackage>0</QtyInPackage>
      <ItemPrice>4.60</ItemPrice>
      <UnitOfMeasurePrice>9.20</UnitOfMeasurePrice>
      <AllowDiscount>1</AllowDiscount>
      <ItemStatus>1</ItemStatus>
    </Item>
    <Item>
      <PriceUpdateDate>2017-07-04 09:43</PriceUpdateDate>
      <ItemCode>5000159486972</ItemCode>
      <ItemType>1</ItemType>
      <ItemName>חטיף טוויקס וואייט 46גרם</ItemName>
      <ManufacturerName>מרס</ManufacturerName>
      <ManufactureCountry>DE</ManufactureCountry>
      <ManufacturerItemDescription>חטיף טוויקס</ManufacturerItemDescription>
      <UnitQty>גרמים</UnitQty>
      <Quantity>46.00</Quantity>
      <bIsWeighted>0</bIsWeighted>
      <UnitOfMeasure>100 גרם</UnitOfMeasure>
      <QtyInPackage>1</QtyInPackage>
      <ItemPrice>4.60</ItemPrice>
      <UnitOfMeasurePrice>10.00</UnitOfMeasurePrice>
      <AllowDiscount>1</AllowDiscount>
      <ItemStatus>1</ItemStatus>
    </Item>
    <Item>
      <PriceUpdateDate>2020-07-17 05:37</PriceUpdateDate>
      <ItemCode>5000159528931</ItemCode>
      <ItemType>1</ItemType>
      <ItemName>חטיף טוויקס וקרמל מלוח46</ItemName>
      <ManufacturerName>מרס</ManufacturerName>
      <ManufactureCountry>DE</ManufactureCountry>
      <ManufacturerItemDescription>חטיף טוויקס וקרמ</ManufacturerItemDescription>
      <UnitQty>גרמים</UnitQty>
      <Quantity>46.00</Quantity>
      <bIsWeighted>0</bIsWeighted>
      <UnitOfMeasure>100 גרם</UnitOfMeasure>
      <QtyInPackage>1</QtyInPackage>
      <ItemPrice>4.60</ItemPrice>
      <UnitOfMeasurePrice>10.00</UnitOfMeasurePrice>
      <AllowDiscount>1</AllowDiscount>
      <ItemStatus>1</ItemStatus>
    </Item>
    <Item>
      <PriceUpdateDate>2018-07-10 12:49</PriceUpdateDate>
      <ItemCode>5000267024233</ItemCode>
      <ItemType>1</ItemType>
      <ItemName>וויסקי ג'וני ווקר שחור</ItemName>
      <ManufacturerName>ג'\וני ווקר ובניו</ManufacturerName>
      <ManufactureCountry>GB</ManufactureCountry>
      <ManufacturerItemDescription>ויסקי ג'וני ווקר</ManufacturerItemDescription>
      <UnitQty>מיליליטרים</UnitQty>
      <Quantity>700.00</Quantity>
      <bIsWeighted>0</bIsWeighted>
      <UnitOfMeasure>100 מ"ל</UnitOfMeasure>
      <QtyInPackage>0</QtyInPackage>
      <ItemPrice>129.90</ItemPrice>
      <UnitOfMeasurePrice>18.56</UnitOfMeasurePrice>
      <AllowDiscount>1</AllowDiscount>
      <ItemStatus>1</ItemStatus>
    </Item>
    <Item>
      <PriceUpdateDate>2018-03-06 07:23</PriceUpdateDate>
      <ItemCode>5014271300429</ItemCode>
      <ItemType>1</ItemType>
      <ItemName>מעד.משמש ל.תוספת סוכר284</ItemName>
      <ManufacturerName>סאן דלפור - שמבור</ManufacturerName>
      <ManufactureCountry>FR</ManufactureCountry>
      <ManufacturerItemDescription>מעדן מישמש</ManufacturerItemDescription>
      <UnitQty>גרמים</UnitQty>
      <Quantity>284.00</Quantity>
      <bIsWeighted>0</bIsWeighted>
      <UnitOfMeasure>100 גרם</UnitOfMeasure>
      <QtyInPackage>0</QtyInPackage>
      <ItemPrice>20.90</ItemPrice>
      <UnitOfMeasurePrice>7.36</UnitOfMeasurePrice>
      <AllowDiscount>1</AllowDiscount>
      <ItemStatus>1</ItemStatus>
    </Item>
    <Item>
      <PriceUpdateDate>2018-03-06 07:23</PriceUpdateDate>
      <ItemCode>5014271360423</ItemCode>
      <ItemType>1</ItemType>
      <ItemName>מעד.תפוז ללא תוס.סוכר284</ItemName>
      <ManufacturerName>סאן דלפור - שמבור</ManufacturerName>
      <ManufactureCountry>FR</ManufactureCountry>
      <ManufacturerItemDescription>מעדן תפוזים</ManufacturerItemDescription>
      <UnitQty>גרמים</UnitQty>
      <Quantity>284.00</Quantity>
      <bIsWeighted>0</bIsWeighted>
      <UnitOfMeasure>100 גרם</UnitOfMeasure>
      <QtyInPackage>0</QtyInPackage>
      <ItemPrice>20.90</ItemPrice>
      <UnitOfMeasurePrice>7.36</UnitOfMeasurePrice>
      <AllowDiscount>1</AllowDiscount>
      <ItemStatus>1</ItemStatus>
    </Item>
    <Item>
      <PriceUpdateDate>2018-03-06 07:23</PriceUpdateDate>
      <ItemCode>5014271390420</ItemCode>
      <ItemType>1</ItemType>
      <ItemName>מע.פטל ללא תוספת סוכר284</ItemName>
      <ManufacturerName>סאן דלפור - שמבור</ManufacturerName>
      <ManufactureCountry>FR</ManufactureCountry>
      <ManufacturerItemDescription>מעדן פטל</ManufacturerItemDescription>
      <UnitQty>גרמים</UnitQty>
      <Quantity>284.00</Quantity>
      <bIsWeighted>0</bIsWeighted>
      <UnitOfMeasure>100 גרם</UnitOfMeasure>
      <QtyInPackage>0</QtyInPackage>
      <ItemPrice>20.90</ItemPrice>
      <UnitOfMeasurePrice>7.36</UnitOfMeasurePrice>
      <AllowDiscount>1</AllowDiscount>
      <ItemStatus>1</ItemStatus>
    </Item>
    <Item>
      <PriceUpdateDate>2018-03-06 07:23</PriceUpdateDate>
      <ItemCode>5014271400426</ItemCode>
      <ItemType>1</ItemType>
      <ItemName>מעדן תות שדה 284 גרם</ItemName>
      <ManufacturerName>סאן דלפור - שמבור</ManufacturerName>
      <ManufactureCountry>FR</ManufactureCountry>
      <ManufacturerItemDescription>מעדן תות שדה</ManufacturerItemDescription>
      <UnitQty>גרמים</UnitQty>
      <Quantity>284.00</Quantity>
      <bIsWeighted>0</bIsWeighted>
      <UnitOfMeasure>100 גרם</UnitOfMeasure>
      <QtyInPackage>0</QtyInPackage>
      <ItemPrice>20.90</ItemPrice>
      <UnitOfMeasurePrice>7.36</UnitOfMeasurePrice>
      <AllowDiscount>1</AllowDiscount>
      <ItemStatus>1</ItemStatus>
    </Item>
    <Item>
      <PriceUpdateDate>2018-03-06 07:23</PriceUpdateDate>
      <ItemCode>5014271560427</ItemCode>
      <ItemType>1</ItemType>
      <ItemName>מעדן תפוז+ג'ינג'ר 284גרם</ItemName>
      <ManufacturerName>סאן דלפור - שמבור</ManufacturerName>
      <ManufactureCountry>FR</ManufactureCountry>
      <ManufacturerItemDescription>מעדן תפוז+גינג'ר</ManufacturerItemDescription>
      <UnitQty>גרמים</UnitQty>
      <Quantity>284.00</Quantity>
      <bIsWeighted>0</bIsWeighted>
      <UnitOfMeasure>100 גרם</UnitOfMeasure>
      <QtyInPackage>0</QtyInPackage>
      <ItemPrice>20.90</ItemPrice>
      <UnitOfMeasurePrice>7.36</UnitOfMeasurePrice>
      <AllowDiscount>1</AllowDiscount>
      <ItemStatus>1</ItemStatus>
    </Item>
    <Item>
      <PriceUpdateDate>2018-03-27 11:49</PriceUpdateDate>
      <ItemCode>5200133120476</ItemCode>
      <ItemType>1</ItemType>
      <ItemName>גליליות וופל אגוזים400ג</ItemName>
      <ManufacturerName>קוארטט אס.אי</ManufacturerName>
      <ManufactureCountry>GR</ManufactureCountry>
      <ManufacturerItemDescription>גליליות וופל</ManufacturerItemDescription>
      <UnitQty>גרמים</UnitQty>
      <Quantity>400.00</Quantity>
      <bIsWeighted>0</bIsWeighted>
      <UnitOfMeasure>100 גרם</UnitOfMeasure>
      <QtyInPackage>1</QtyInPackage>
      <ItemPrice>19.00</ItemPrice>
      <UnitOfMeasurePrice>4.75</UnitOfMeasurePrice>
      <AllowDiscount>1</AllowDiscount>
      <ItemStatus>1</ItemStatus>
    </Item>
    <Item>
      <PriceUpdateDate>2018-03-27 11:49</PriceUpdateDate>
      <ItemCode>5200133120483</ItemCode>
      <ItemType>1</ItemType>
      <ItemName>גליליות וופל וניל400ג</ItemName>
      <ManufacturerName>קוארטט אס.אי</ManufacturerName>
      <ManufactureCountry>GR</ManufactureCountry>
      <ManufacturerItemDescription>גליליות וופל</ManufacturerItemDescription>
      <UnitQty>גרמים</UnitQty>
      <Quantity>400.00</Quantity>
      <bIsWeighted>0</bIsWeighted>
      <UnitOfMeasure>100 גרם</UnitOfMeasure>
      <QtyInPackage>1</QtyInPackage>
      <ItemPrice>19.00</ItemPrice>
      <UnitOfMeasurePrice>4.75</UnitOfMeasurePrice>
      <AllowDiscount>1</AllowDiscount>
      <ItemStatus>1</ItemStatus>
    </Item>
    <Item>
      <PriceUpdateDate>2019-12-13 05:41</PriceUpdateDate>
      <ItemCode>52070082</ItemCode>
      <ItemType>1</ItemType>
      <ItemName>פאלמאל סופר סלמס ויולט ח</ItemName>
      <ManufacturerName>BAT</ManufacturerName>
      <ManufactureCountry>CH</ManufactureCountry>
      <ManufacturerItemDescription>פאל מאל סופר</ManufacturerItemDescription>
      <UnitQty>יחידה</UnitQty>
      <Quantity>1.00</Quantity>
      <bIsWeighted>0</bIsWeighted>
      <UnitOfMeasure>יחידה</UnitOfMeasure>
      <QtyInPackage>1</QtyInPackage>
      <ItemPrice>28.00</ItemPrice>
      <UnitOfMeasurePrice>28.00</UnitOfMeasurePrice>
      <AllowDiscount>0</AllowDiscount>
      <ItemStatus>1</ItemStatus>
    </Item>
    <Item>
      <PriceUpdateDate>2019-11-24 10:32</PriceUpdateDate>
      <ItemCode>5208049001452</ItemCode>
      <ItemType>1</ItemType>
      <ItemName>גולדן ירוק חפיסה</ItemName>
      <ManufacturerName>BAT</ManufacturerName>
      <ManufactureCountry>NL</ManufactureCountry>
      <ManufacturerItemDescription>גולדן ירוק</ManufacturerItemDescription>
      <UnitQty>גרמים</UnitQty>
      <Quantity>30.00</Quantity>
      <bIsWeighted>0</bIsWeighted>
      <UnitOfMeasure>100 גרם</UnitOfMeasure>
      <QtyInPackage>1</QtyInPackage>
      <ItemPrice>75.90</ItemPrice>
      <UnitOfMeasurePrice>253.00</UnitOfMeasurePrice>
      <AllowDiscount>0</AllowDiscount>
      <ItemStatus>1</ItemStatus>
    </Item>
    <Item>
      <PriceUpdateDate>2019-11-06 14:12</PriceUpdateDate>
      <ItemCode>5208049001483</ItemCode>
      <ItemType>1</ItemType>
      <ItemName>גולדן וירג'יניה לבן חפ</ItemName>
      <ManufacturerName>BAT</ManufacturerName>
      <ManufactureCountry>NL</ManufactureCountry>
      <ManufacturerItemDescription>גולדן וירגיניה</ManufacturerItemDescription>
      <UnitQty>גרמים</UnitQty>
      <Quantity>30.00</Quantity>
      <bIsWeighted>0</bIsWeighted>
      <UnitOfMeasure>100 גרם</UnitOfMeasure>
      <QtyInPackage>1</QtyInPackage>
      <ItemPrice>81.00</ItemPrice>
      <UnitOfMeasurePrice>270.00</UnitOfMeasurePrice>
      <AllowDiscount>0</AllowDiscount>
      <ItemStatus>1</ItemStatus>
    </Item>
    <Item>
      <PriceUpdateDate>2019-12-31 12:23</PriceUpdateDate>
      <ItemCode>5208049002473</ItemCode>
      <ItemType>1</ItemType>
      <ItemName>קנט ארוך חפ</ItemName>
      <ManufacturerName>BAT</ManufacturerName>
      <ManufactureCountry>TR</ManufactureCountry>
      <ManufacturerItemDescription>קנט ארוך PP</ManufacturerItemDescription>
      <UnitQty>יחידה</UnitQty>
      <Quantity>1.00</Quantity>
      <bIsWeighted>0</bIsWeighted>
      <UnitOfMeasure>יחידה</UnitOfMeasure>
      <QtyInPackage>1</QtyInPackage>
      <ItemPrice>34.90</ItemPrice>
      <UnitOfMeasurePrice>34.90</UnitOfMeasurePrice>
      <AllowDiscount>0</AllowDiscount>
      <ItemStatus>1</ItemStatus>
    </Item>
    <Item>
      <PriceUpdateDate>2018-03-06 07:23</PriceUpdateDate>
      <ItemCode>5410126106183</ItemCode>
      <ItemType>1</ItemType>
      <ItemName>ביסקוויט לוטוס ארוז 50יח</ItemName>
      <ManufacturerName>לוטוס ביקרי</ManufacturerName>
      <ManufactureCountry>BE</ManufactureCountry>
      <ManufacturerItemDescription>ביסקוויט לוטוס</ManufacturerItemDescription>
      <UnitQty>גרמים</UnitQty>
      <Quantity>312.00</Quantity>
      <bIsWeighted>0</bIsWeighted>
      <UnitOfMeasure>100 גרם</UnitOfMeasure>
      <QtyInPackage>0</QtyInPackage>
      <ItemPrice>19.70</ItemPrice>
      <UnitOfMeasurePrice>6.31</UnitOfMeasurePrice>
      <AllowDiscount>1</AllowDiscount>
      <ItemStatus>1</ItemStatus>
    </Item>
    <Item>
      <PriceUpdateDate>2018-03-06 07:23</PriceUpdateDate>
      <ItemCode>5410126116953</ItemCode>
      <ItemType>1</ItemType>
      <ItemName>ממרח ביסקוויט לוטוס 400ג</ItemName>
      <ManufacturerName>לוטוס ביקרי</ManufacturerName>
      <ManufactureCountry>BE</ManufactureCountry>
      <ManufacturerItemDescription>ממרח ביסקוויט</ManufacturerItemDescription>
      <UnitQty>גרמים</UnitQty>
      <Quantity>400.00</Quantity>
      <bIsWeighted>0</bIsWeighted>
      <UnitOfMeasure>100 גרם</UnitOfMeasure>
      <QtyInPackage>0</QtyInPackage>
      <ItemPrice>25.20</ItemPrice>
      <UnitOfMeasurePrice>6.30</UnitOfMeasurePrice>
      <AllowDiscount>1</AllowDiscount>
      <ItemStatus>1</ItemStatus>
    </Item>
    <Item>
      <PriceUpdateDate>2018-07-27 05:34</PriceUpdateDate>
      <ItemCode>5410126666038</ItemCode>
      <ItemType>1</ItemType>
      <ItemName>ביסקוויט לוטוס קרמל279ג</ItemName>
      <ManufacturerName>לוטוס ביקרי</ManufacturerName>
      <ManufactureCountry>BE</ManufactureCountry>
      <ManufacturerItemDescription>ביסקוויט לוטוס</ManufacturerItemDescription>
      <UnitQty>גרמים</UnitQty>
      <Quantity>279.00</Quantity>
      <bIsWeighted>0</bIsWeighted>
      <UnitOfMeasure>100 גרם</UnitOfMeasure>
      <QtyInPackage>1</QtyInPackage>
      <ItemPrice>13.90</ItemPrice>
      <UnitOfMeasurePrice>4.98</UnitOfMeasurePrice>
      <AllowDiscount>1</AllowDiscount>
      <ItemStatus>1</ItemStatus>
    </Item>
    <Item>
      <PriceUpdateDate>2015-09-30 08:09</PriceUpdateDate>
      <ItemCode>5410126716016</ItemCode>
      <ItemType>1</ItemType>
      <ItemName>ביסקוויט לוטוס ט.קרמל250</ItemName>
      <ManufacturerName>לוטוס ביקרי</ManufacturerName>
      <ManufactureCountry>BE</ManufactureCountry>
      <ManufacturerItemDescription>ביסקויט לוטוס</ManufacturerItemDescription>
      <UnitQty>גרמים</UnitQty>
      <Quantity>250.00</Quantity>
      <bIsWeighted>0</bIsWeighted>
      <UnitOfMeasure>100 גרם</UnitOfMeasure>
      <QtyInPackage>0</QtyInPackage>
      <ItemPrice>12.70</ItemPrice>
      <UnitOfMeasurePrice>5.08</UnitOfMeasurePrice>
      <AllowDiscount>1</AllowDiscount>
      <ItemStatus>1</ItemStatus>
    </Item>
    <Item>
      <PriceUpdateDate>2020-08-04 16:29</PriceUpdateDate>
      <ItemCode>5413548280189</ItemCode>
      <ItemType>1</ItemType>
      <ItemName>קינדר שוקובון 125 גרם</ItemName>
      <ManufacturerName>פררו</ManufacturerName>
      <ManufactureCountry>BE</ManufactureCountry>
      <ManufacturerItemDescription>קינדר שוקובון</ManufacturerItemDescription>
      <UnitQty>גרמים</UnitQty>
      <Quantity>125.00</Quantity>
      <bIsWeighted>0</bIsWeighted>
      <UnitOfMeasure>100 גרם</UnitOfMeasure>
      <QtyInPackage>0</QtyInPackage>
      <ItemPrice>14.90</ItemPrice>
      <UnitOfMeasurePrice>11.92</UnitOfMeasurePrice>
      <AllowDiscount>1</AllowDiscount>
      <ItemStatus>1</ItemStatus>
    </Item>
    <Item>
      <PriceUpdateDate>2015-09-30 08:08</PriceUpdateDate>
      <ItemCode>5600395030689</ItemCode>
      <ItemType>1</ItemType>
      <ItemName>סרדין בשמן סויה חריף115ג</ItemName>
      <ManufacturerName>קופיסה אס.איי</ManufacturerName>
      <ManufactureCountry>PT</ManufactureCountry>
      <ManufacturerItemDescription>סרדין בשמן</ManufacturerItemDescription>
      <UnitQty>גרמים</UnitQty>
      <Quantity>115.00</Quantity>
      <bIsWeighted>0</bIsWeighted>
      <UnitOfMeasure>100 גרם</UnitOfMeasure>
      <QtyInPackage>0</QtyInPackage>
      <ItemPrice>7.90</ItemPrice>
      <UnitOfMeasurePrice>6.87</UnitOfMeasurePrice>
      <AllowDiscount>1</AllowDiscount>
      <ItemStatus>1</ItemStatus>
    </Item>
    <Item>
      <PriceUpdateDate>2015-09-30 08:08</PriceUpdateDate>
      <ItemCode>5600395030719</ItemCode>
      <ItemType>1</ItemType>
      <ItemName>סרדין בשמן זית נפטון115ג</ItemName>
      <ManufacturerName>קופיסה אס.איי</ManufacturerName>
      <ManufactureCountry>PT</ManufactureCountry>
      <ManufacturerItemDescription>סרדין בשמן זית</ManufacturerItemDescription>
      <UnitQty>גרמים</UnitQty>
      <Quantity>115.00</Quantity>
      <bIsWeighted>0</bIsWeighted>
      <UnitOfMeasure>100 גרם</UnitOfMeasure>
      <QtyInPackage>0</QtyInPackage>
      <ItemPrice>7.90</ItemPrice>
      <UnitOfMeasurePrice>6.87</UnitOfMeasurePrice>
      <AllowDiscount>1</AllowDiscount>
      <ItemStatus>1</ItemStatus>
    </Item>
    <Item>
      <PriceUpdateDate>2019-08-13 08:20</PriceUpdateDate>
      <ItemCode>5601008200444</ItemCode>
      <ItemType>1</ItemType>
      <ItemName>עוג.גודיס שוקולד חלב150ג</ItemName>
      <ManufacturerName>ש. שסטוביץ בע"\מ</ManufacturerName>
      <ManufactureCountry>PT</ManufactureCountry>
      <ManufacturerItemDescription>עוגיות גודיס</ManufacturerItemDescription>
      <UnitQty>גרמים</UnitQty>
      <Quantity>150.00</Quantity>
      <bIsWeighted>0</bIsWeighted>
      <UnitOfMeasure>100 גרם</UnitOfMeasure>
      <QtyInPackage>0</QtyInPackage>
      <ItemPrice>7.90</ItemPrice>
      <UnitOfMeasurePrice>5.27</UnitOfMeasurePrice>
      <AllowDiscount>1</AllowDiscount>
      <ItemStatus>1</ItemStatus>
    </Item>
    <Item>
      <PriceUpdateDate>2019-08-13 08:20</PriceUpdateDate>
      <ItemCode>5601008200468</ItemCode>
      <ItemType>1</ItemType>
      <ItemName>עוגי.גודיס שוקולד לבן150</ItemName>
      <ManufacturerName>מרבה</ManufacturerName>
      <ManufactureCountry>PT</ManufactureCountry>
      <ManufacturerItemDescription>עוגיות גודיס</ManufacturerItemDescription>
      <UnitQty>גרמים</UnitQty>
      <Quantity>150.00</Quantity>
      <bIsWeighted>0</bIsWeighted>
      <UnitOfMeasure>100 גרם</UnitOfMeasure>
      <QtyInPackage>0</QtyInPackage>
      <ItemPrice>7.90</ItemPrice>
      <UnitOfMeasurePrice>5.27</UnitOfMeasurePrice>
      <AllowDiscount>1</AllowDiscount>
      <ItemStatus>1</ItemStatus>
    </Item>
    <Item>
      <PriceUpdateDate>2019-08-13 08:20</PriceUpdateDate>
      <ItemCode>5701932026964</ItemCode>
      <ItemType>1</ItemType>
      <ItemName>הוטפופ טעם טבעי100*6ג</ItemName>
      <ManufacturerName>פופז</ManufacturerName>
      <ManufactureCountry>US</ManufactureCountry>
      <ManufacturerItemDescription>פופקורן הוטפופ</ManufacturerItemDescription>
      <UnitQty>גרמים</UnitQty>
      <Quantity>600.00</Quantity>
      <bIsWeighted>0</bIsWeighted>
      <UnitOfMeasure>100 גרם</UnitOfMeasure>
      <QtyInPackage>0</QtyInPackage>
      <ItemPrice>16.90</ItemPrice>
      <UnitOfMeasurePrice>2.82</UnitOfMeasurePrice>
      <AllowDiscount>1</AllowDiscount>
      <ItemStatus>1</ItemStatus>
    </Item>
    <Item>
      <PriceUpdateDate>2019-08-13 08:20</PriceUpdateDate>
      <ItemCode>5701932026971</ItemCode>
      <ItemType>1</ItemType>
      <ItemName>הוטפופ טעם חמאה100*6גר</ItemName>
      <ManufacturerName>פופז</ManufacturerName>
      <ManufactureCountry>US</ManufactureCountry>
      <ManufacturerItemDescription>הוטפופ טעם חמאה</ManufacturerItemDescription>
      <UnitQty>גרמים</UnitQty>
      <Quantity>600.00</Quantity>
      <bIsWeighted>0</bIsWeighted>
      <UnitOfMeasure>100 גרם</UnitOfMeasure>
      <QtyInPackage>0</QtyInPackage>
      <ItemPrice>16.90</ItemPrice>
      <UnitOfMeasurePrice>2.82</UnitOfMeasurePrice>
      <AllowDiscount>1</AllowDiscount>
      <ItemStatus>1</ItemStatus>
    </Item>
    <Item>
      <PriceUpdateDate>2019-12-13 05:41</PriceUpdateDate>
      <ItemCode>5710840210013</ItemCode>
      <ItemType>1</ItemType>
      <ItemName>באלי לבן סופר עדין 40גרם</ItemName>
      <ManufacturerName>סקמדינביין טובקו</ManufacturerName>
      <ManufactureCountry>DK</ManufactureCountry>
      <ManufacturerItemDescription>באלי לבן</ManufacturerItemDescription>
      <UnitQty>גרמים</UnitQty>
      <Quantity>40.00</Quantity>
      <bIsWeighted>0</bIsWeighted>
      <UnitOfMeasure>100 גרם</UnitOfMeasure>
      <QtyInPackage>1</QtyInPackage>
      <ItemPrice>89.90</ItemPrice>
      <UnitOfMeasurePrice>224.75</UnitOfMeasurePrice>
      <AllowDiscount>0</AllowDiscount>
      <ItemStatus>1</ItemStatus>
    </Item>
    <Item>
      <PriceUpdateDate>2020-08-04 16:29</PriceUpdateDate>
      <ItemCode>5711953106583</ItemCode>
      <ItemType>1</ItemType>
      <ItemName>ארלה גב.שמנת טעם טבעי200</ItemName>
      <ManufacturerName>ארלה פודס אמבה</ManufacturerName>
      <ManufactureCountry>DK</ManufactureCountry>
      <ManufacturerItemDescription>ארלה גבינת שמנת</ManufacturerItemDescription>
      <UnitQty>גרמים</UnitQty>
      <Quantity>200.00</Quantity>
      <bIsWeighted>0</bIsWeighted>
      <UnitOfMeasure>100 גרם</UnitOfMeasure>
      <QtyInPackage>1</QtyInPackage>
      <ItemPrice>16.90</ItemPrice>
      <UnitOfMeasurePrice>8.45</UnitOfMeasurePrice>
      <AllowDiscount>1</AllowDiscount>
      <ItemStatus>1</ItemStatus>
    </Item>
    <Item>
      <PriceUpdateDate>2020-08-04 16:29</PriceUpdateDate>
      <ItemCode>5711953106590</ItemCode>
      <ItemType>1</ItemType>
      <ItemName>ארלה גבינת שמנת+שום200ג</ItemName>
      <ManufacturerName>ארלה פודס אמבה</ManufacturerName>
      <ManufactureCountry>DK</ManufactureCountry>
      <ManufacturerItemDescription>ארלה גבינת שמנת</ManufacturerItemDescription>
      <UnitQty>גרמים</UnitQty>
      <Quantity>200.00</Quantity>
      <bIsWeighted>0</bIsWeighted>
      <UnitOfMeasure>100 גרם</UnitOfMeasure>
      <QtyInPackage>1</QtyInPackage>
      <ItemPrice>16.90</ItemPrice>
      <UnitOfMeasurePrice>8.45</UnitOfMeasurePrice>
      <AllowDiscount>1</AllowDiscount>
      <ItemStatus>1</ItemStatus>
    </Item>
    <Item>
      <PriceUpdateDate>2020-08-04 16:29</PriceUpdateDate>
      <ItemCode>5711953106606</ItemCode>
      <ItemType>1</ItemType>
      <ItemName>ארלה גב.שמנת ע.תיבול200ג</ItemName>
      <ManufacturerName>ארלה פודס אמבה</ManufacturerName>
      <ManufactureCountry>DK</ManufactureCountry>
      <ManufacturerItemDescription>ארלה גבינת שמנת</ManufacturerItemDescription>
      <UnitQty>גרמים</UnitQty>
      <Quantity>200.00</Quantity>
      <bIsWeighted>0</bIsWeighted>
      <UnitOfMeasure>100 גרם</UnitOfMeasure>
      <QtyInPackage>1</QtyInPackage>
      <ItemPrice>16.90</ItemPrice>
      <UnitOfMeasurePrice>8.45</UnitOfMeasurePrice>
      <AllowDiscount>1</AllowDiscount>
      <ItemStatus>1</ItemStatus>
    </Item>
    <Item>
      <PriceUpdateDate>2018-11-11 15:10</PriceUpdateDate>
      <ItemCode>5740900403222</ItemCode>
      <ItemType>1</ItemType>
      <ItemName>ממרח לורפק+מלח מופחת250ג</ItemName>
      <ManufacturerName>ארלה פודס אמבה</ManufacturerName>
      <ManufactureCountry>DK</ManufactureCountry>
      <ManufacturerItemDescription>ממרח לורפק</ManufacturerItemDescription>
      <UnitQty>גרמים</UnitQty>
      <Quantity>250.00</Quantity>
      <bIsWeighted>0</bIsWeighted>
      <UnitOfMeasure>100 גרם</UnitOfMeasure>
      <QtyInPackage>1</QtyInPackage>
      <ItemPrice>17.90</ItemPrice>
      <UnitOfMeasurePrice>7.16</UnitOfMeasurePrice>
      <AllowDiscount>1</AllowDiscount>
      <ItemStatus>1</ItemStatus>
    </Item>
    <Item>
      <PriceUpdateDate>2018-11-11 15:10</PriceUpdateDate>
      <ItemCode>5740900403239</ItemCode>
      <ItemType>1</ItemType>
      <ItemName>ממרח לורפק ללא מלח 250 ג</ItemName>
      <ManufacturerName>ארלה פודס אמבה</ManufacturerName>
      <ManufactureCountry>DK</ManufactureCountry>
      <ManufacturerItemDescription>ממרח לורפק</ManufacturerItemDescription>
      <UnitQty>גרמים</UnitQty>
      <Quantity>250.00</Quantity>
      <bIsWeighted>0</bIsWeighted>
      <UnitOfMeasure>100 גרם</UnitOfMeasure>
      <QtyInPackage>1</QtyInPackage>
      <ItemPrice>17.90</ItemPrice>
      <UnitOfMeasurePrice>7.16</UnitOfMeasurePrice>
      <AllowDiscount>1</AllowDiscount>
      <ItemStatus>1</ItemStatus>
    </Item>
    <Item>
      <PriceUpdateDate>2018-03-06 07:23</PriceUpdateDate>
      <ItemCode>5900020012814</ItemCode>
      <ItemType>1</ItemType>
      <ItemName>נסקוויק דגני בוקר 500גרם</ItemName>
      <ManufacturerName>סי. פי. פולין</ManufacturerName>
      <ManufactureCountry>PL</ManufactureCountry>
      <ManufacturerItemDescription>דגני נסקוויק</ManufacturerItemDescription>
      <UnitQty>גרמים</UnitQty>
      <Quantity>500.00</Quantity>
      <bIsWeighted>0</bIsWeighted>
      <UnitOfMeasure>100 גרם</UnitOfMeasure>
      <QtyInPackage>0</QtyInPackage>
      <ItemPrice>28.70</ItemPrice>
      <UnitOfMeasurePrice>5.74</UnitOfMeasurePrice>
      <AllowDiscount>1</AllowDiscount>
      <ItemStatus>1</ItemStatus>
    </Item>
    <Item>
      <PriceUpdateDate>2018-03-06 07:23</PriceUpdateDate>
      <ItemCode>5900020015174</ItemCode>
      <ItemType>1</ItemType>
      <ItemName>פיטנס חטיף דגנים שוק6.יח</ItemName>
      <ManufacturerName>סי. פי. פולין</ManufacturerName>
      <ManufactureCountry>PL</ManufactureCountry>
      <ManufacturerItemDescription>חטיפי פיטנס 6 יח</ManufacturerItemDescription>
      <UnitQty>גרמים</UnitQty>
      <Quantity>141.00</Quantity>
      <bIsWeighted>0</bIsWeighted>
      <UnitOfMeasure>100 גרם</UnitOfMeasure>
      <QtyInPackage>0</QtyInPackage>
      <ItemPrice>17.90</ItemPrice>
      <UnitOfMeasurePrice>12.70</UnitOfMeasurePrice>
      <AllowDiscount>1</AllowDiscount>
      <ItemStatus>1</ItemStatus>
    </Item>
    <Item>
      <PriceUpdateDate>2018-02-21 10:09</PriceUpdateDate>
      <ItemCode>5900020020741</ItemCode>
      <ItemType>1</ItemType>
      <ItemName>נסקוויק בר שוקו-שוקו25*6</ItemName>
      <ManufacturerName>סי. פי. פולין</ManufacturerName>
      <ManufactureCountry>PL</ManufactureCountry>
      <ManufacturerItemDescription>נסקוויק בר</ManufacturerItemDescription>
      <UnitQty>גרמים</UnitQty>
      <Quantity>150.00</Quantity>
      <bIsWeighted>0</bIsWeighted>
      <UnitOfMeasure>100 גרם</UnitOfMeasure>
      <QtyInPackage>0</QtyInPackage>
      <ItemPrice>17.30</ItemPrice>
      <UnitOfMeasurePrice>11.53</UnitOfMeasurePrice>
      <AllowDiscount>1</AllowDiscount>
      <ItemStatus>1</ItemStatus>
    </Item>
    <Item>
      <PriceUpdateDate>2018-03-06 07:23</PriceUpdateDate>
      <ItemCode>5900020026552</ItemCode>
      <ItemType>1</ItemType>
      <ItemName>האני נאט צ'יריוס 625גרם</ItemName>
      <ManufacturerName>סי. פי. צרפת</ManufacturerName>
      <ManufactureCountry>FR</ManufactureCountry>
      <ManufacturerItemDescription>האני נאט צ'יריוס</ManufacturerItemDescription>
      <UnitQty>גרמים</UnitQty>
      <Quantity>625.00</Quantity>
      <bIsWeighted>0</bIsWeighted>
      <UnitOfMeasure>100 גרם</UnitOfMeasure>
      <QtyInPackage>1</QtyInPackage>
      <ItemPrice>27.90</ItemPrice>
      <UnitOfMeasurePrice>4.46</UnitOfMeasurePrice>
      <AllowDiscount>1</AllowDiscount>
      <ItemStatus>1</ItemStatus>
    </Item>
    <Item>
      <PriceUpdateDate>2018-08-03 05:34</PriceUpdateDate>
      <ItemCode>5900020031877</ItemCode>
      <ItemType>1</ItemType>
      <ItemName>חטיפי דגנים צ'יריוס 6 יח</ItemName>
      <ManufacturerName>סי. פי. פולין</ManufacturerName>
      <ManufactureCountry>PL</ManufactureCountry>
      <ManufacturerItemDescription>חטיפי צ'יריוס6יח</ManufacturerItemDescription>
      <UnitQty>גרמים</UnitQty>
      <Quantity>132.00</Quantity>
      <bIsWeighted>0</bIsWeighted>
      <UnitOfMeasure>100 גרם</UnitOfMeasure>
      <QtyInPackage>1</QtyInPackage>
      <ItemPrice>17.30</ItemPrice>
      <UnitOfMeasurePrice>13.11</UnitOfMeasurePrice>
      <AllowDiscount>1</AllowDiscount>
      <ItemStatus>1</ItemStatus>
    </Item>
    <Item>
      <PriceUpdateDate>2020-04-22 11:50</PriceUpdateDate>
      <ItemCode>5902198160403</ItemCode>
      <ItemType>1</ItemType>
      <ItemName>משקה אנרגיה TEN XL</ItemName>
      <ManufacturerName>טמפו משקאות בע"\מ</ManufacturerName>
      <ManufactureCountry>IL</ManufactureCountry>
      <ManufacturerItemDescription>משקה אנרגיה</ManufacturerItemDescription>
      <UnitQty>מיליליטרים</UnitQty>
      <Quantity>250.00</Quantity>
      <bIsWeighted>0</bIsWeighted>
      <UnitOfMeasure>100 מ"ל</UnitOfMeasure>
      <QtyInPackage>1</QtyInPackage>
      <ItemPrice>4.30</ItemPrice>
      <UnitOfMeasurePrice>1.72</UnitOfMeasurePrice>
      <AllowDiscount>1</AllowDiscount>
      <ItemStatus>1</ItemStatus>
    </Item>
    <Item>
      <PriceUpdateDate>2019-12-31 12:23</PriceUpdateDate>
      <ItemCode>59039549</ItemCode>
      <ItemType>1</ItemType>
      <ItemName>ווג מנטה חפ</ItemName>
      <ManufacturerName>bat</ManufacturerName>
      <ManufactureCountry>PL</ManufactureCountry>
      <ManufacturerItemDescription>ווג פריזון מנטול</ManufacturerItemDescription>
      <UnitQty>יחידה</UnitQty>
      <Quantity>1.00</Quantity>
      <bIsWeighted>0</bIsWeighted>
      <UnitOfMeasure>יחידה</UnitOfMeasure>
      <QtyInPackage>0</QtyInPackage>
      <ItemPrice>35.90</ItemPrice>
      <UnitOfMeasurePrice>35.90</UnitOfMeasurePrice>
      <AllowDiscount>0</AllowDiscount>
      <ItemStatus>1</ItemStatus>
    </Item>
    <Item>
      <PriceUpdateDate>2020-04-22 11:50</PriceUpdateDate>
      <ItemCode>5906485301012</ItemCode>
      <ItemType>1</ItemType>
      <ItemName>משקה אנרגיה XL</ItemName>
      <ManufacturerName />
      <ManufactureCountry>IL</ManufactureCountry>
      <ManufacturerItemDescription>משקה אנרגיה XL</ManufacturerItemDescription>
      <UnitQty>מיליליטרים</UnitQty>
      <Quantity>250.00</Quantity>
      <bIsWeighted>0</bIsWeighted>
      <UnitOfMeasure>100 מ"ל</UnitOfMeasure>
      <QtyInPackage>0</QtyInPackage>
      <ItemPrice>4.30</ItemPrice>
      <UnitOfMeasurePrice>1.72</UnitOfMeasurePrice>
      <AllowDiscount>1</AllowDiscount>
      <ItemStatus>1</ItemStatus>
    </Item>
    <Item>
      <PriceUpdateDate>2018-07-04 13:46</PriceUpdateDate>
      <ItemCode>59068907</ItemCode>
      <ItemType>1</ItemType>
      <ItemName>פאלמאל כחול דמי סלימס חפ</ItemName>
      <ManufacturerName>BAT</ManufacturerName>
      <ManufactureCountry>PL</ManufactureCountry>
      <ManufacturerItemDescription>פאל מאל חפיסה</ManufacturerItemDescription>
      <UnitQty>יחידה</UnitQty>
      <Quantity>1.00</Quantity>
      <bIsWeighted>0</bIsWeighted>
      <UnitOfMeasure>יחידה</UnitOfMeasure>
      <QtyInPackage>1</QtyInPackage>
      <ItemPrice>24.50</ItemPrice>
      <UnitOfMeasurePrice>24.50</UnitOfMeasurePrice>
      <AllowDiscount>0</AllowDiscount>
      <ItemStatus>1</ItemStatus>
    </Item>
    <Item>
      <PriceUpdateDate>2018-07-04 13:46</PriceUpdateDate>
      <ItemCode>59068914</ItemCode>
      <ItemType>1</ItemType>
      <ItemName>פאלמאל סילבר דמי סלימס ח</ItemName>
      <ManufacturerName>BAT</ManufacturerName>
      <ManufactureCountry>PL</ManufactureCountry>
      <ManufacturerItemDescription>פאל מאל חפיסה</ManufacturerItemDescription>
      <UnitQty>יחידה</UnitQty>
      <Quantity>1.00</Quantity>
      <bIsWeighted>0</bIsWeighted>
      <UnitOfMeasure>יחידה</UnitOfMeasure>
      <QtyInPackage>1</QtyInPackage>
      <ItemPrice>24.50</ItemPrice>
      <UnitOfMeasurePrice>24.50</UnitOfMeasurePrice>
      <AllowDiscount>0</AllowDiscount>
      <ItemStatus>1</ItemStatus>
    </Item>
    <Item>
      <PriceUpdateDate>2019-12-31 12:23</PriceUpdateDate>
      <ItemCode>59455233</ItemCode>
      <ItemType>1</ItemType>
      <ItemName>ווג כחול חפ</ItemName>
      <ManufacturerName>bat</ManufacturerName>
      <ManufactureCountry>PL</ManufactureCountry>
      <ManufacturerItemDescription>ווג ליידי חפיסה</ManufacturerItemDescription>
      <UnitQty>יחידה</UnitQty>
      <Quantity>1.00</Quantity>
      <bIsWeighted>0</bIsWeighted>
      <UnitOfMeasure>יחידה</UnitOfMeasure>
      <QtyInPackage>0</QtyInPackage>
      <ItemPrice>35.90</ItemPrice>
      <UnitOfMeasurePrice>35.90</UnitOfMeasurePrice>
      <AllowDiscount>0</AllowDiscount>
      <ItemStatus>1</ItemStatus>
    </Item>
    <Item>
      <PriceUpdateDate>2019-12-31 12:23</PriceUpdateDate>
      <ItemCode>59455240</ItemCode>
      <ItemType>1</ItemType>
      <ItemName>ווג לילך חפ</ItemName>
      <ManufacturerName>bat</ManufacturerName>
      <ManufactureCountry>PL</ManufactureCountry>
      <ManufacturerItemDescription>ווג ליידי חפיסה</ManufacturerItemDescription>
      <UnitQty>יחידה</UnitQty>
      <Quantity>1.00</Quantity>
      <bIsWeighted>0</bIsWeighted>
      <UnitOfMeasure>יחידה</UnitOfMeasure>
      <QtyInPackage>0</QtyInPackage>
      <ItemPrice>35.90</ItemPrice>
      <UnitOfMeasurePrice>35.90</UnitOfMeasurePrice>
      <AllowDiscount>0</AllowDiscount>
      <ItemStatus>1</ItemStatus>
    </Item>
    <Item>
      <PriceUpdateDate>2020-08-04 16:29</PriceUpdateDate>
      <ItemCode>5998623526739</ItemCode>
      <ItemType>1</ItemType>
      <ItemName>גוורצטרמינר סי. גראס750מ</ItemName>
      <ManufacturerName>---</ManufacturerName>
      <ManufactureCountry>HU</ManufactureCountry>
      <ManufacturerItemDescription>יין גוורצטרמינר</ManufacturerItemDescription>
      <UnitQty>מיליליטרים</UnitQty>
      <Quantity>750.00</Quantity>
      <bIsWeighted>0</bIsWeighted>
      <UnitOfMeasure>100 מ"ל</UnitOfMeasure>
      <QtyInPackage>1</QtyInPackage>
      <ItemPrice>44.90</ItemPrice>
      <UnitOfMeasurePrice>5.99</UnitOfMeasurePrice>
      <AllowDiscount>1</AllowDiscount>
      <ItemStatus>1</ItemStatus>
    </Item>
    <Item>
      <PriceUpdateDate>2016-05-17 07:21</PriceUpdateDate>
      <ItemCode>6008165003984</ItemCode>
      <ItemType>1</ItemType>
      <ItemName>פאלמאל כחול טיוב חפ</ItemName>
      <ManufacturerName>bat</ManufacturerName>
      <ManufactureCountry>TR</ManufactureCountry>
      <ManufacturerItemDescription>סיגריות פאל מאל</ManufacturerItemDescription>
      <UnitQty>יחידה</UnitQty>
      <Quantity>1.00</Quantity>
      <bIsWeighted>0</bIsWeighted>
      <UnitOfMeasure>יחידה</UnitOfMeasure>
      <QtyInPackage>0</QtyInPackage>
      <ItemPrice>28.00</ItemPrice>
      <UnitOfMeasurePrice>28.00</UnitOfMeasurePrice>
      <AllowDiscount>0</AllowDiscount>
      <ItemStatus>1</ItemStatus>
    </Item>
    <Item>
      <PriceUpdateDate>2016-05-17 07:21</PriceUpdateDate>
      <ItemCode>6008165271192</ItemCode>
      <ItemType>1</ItemType>
      <ItemName>פאלמאל אדום ארוך חפ</ItemName>
      <ManufacturerName>bat</ManufacturerName>
      <ManufactureCountry>TR</ManufactureCountry>
      <ManufacturerItemDescription>פאל מאל ארוך</ManufacturerItemDescription>
      <UnitQty>יחידה</UnitQty>
      <Quantity>1.00</Quantity>
      <bIsWeighted>0</bIsWeighted>
      <UnitOfMeasure>יחידה</UnitOfMeasure>
      <QtyInPackage>0</QtyInPackage>
      <ItemPrice>28.00</ItemPrice>
      <UnitOfMeasurePrice>28.00</UnitOfMeasurePrice>
      <AllowDiscount>0</AllowDiscount>
      <ItemStatus>1</ItemStatus>
    </Item>
    <Item>
      <PriceUpdateDate>2016-05-17 07:21</PriceUpdateDate>
      <ItemCode>6008165274629</ItemCode>
      <ItemType>1</ItemType>
      <ItemName>פאלמאל כחול ארוך טיוב חפ</ItemName>
      <ManufacturerName>bat</ManufacturerName>
      <ManufactureCountry>TR</ManufactureCountry>
      <ManufacturerItemDescription>פאל מאל כחול</ManufacturerItemDescription>
      <UnitQty>יחידה</UnitQty>
      <Quantity>1.00</Quantity>
      <bIsWeighted>0</bIsWeighted>
      <UnitOfMeasure>יחידה</UnitOfMeasure>
      <QtyInPackage>1</QtyInPackage>
      <ItemPrice>28.00</ItemPrice>
      <UnitOfMeasurePrice>28.00</UnitOfMeasurePrice>
      <AllowDiscount>0</AllowDiscount>
      <ItemStatus>1</ItemStatus>
    </Item>
    <Item>
      <PriceUpdateDate>2020-08-04 16:29</PriceUpdateDate>
      <ItemCode>602652176753</ItemCode>
      <ItemType>1</ItemType>
      <ItemName>בי קיינד שוק.מריר+פקאן40</ItemName>
      <ManufacturerName>---</ManufacturerName>
      <ManufactureCountry>US</ManufactureCountry>
      <ManufacturerItemDescription>חטיף בי קיינד</ManufacturerItemDescription>
      <UnitQty>גרמים</UnitQty>
      <Quantity>40.00</Quantity>
      <bIsWeighted>0</bIsWeighted>
      <UnitOfMeasure>100 גרם</UnitOfMeasure>
      <QtyInPackage>1</QtyInPackage>
      <ItemPrice>7.90</ItemPrice>
      <UnitOfMeasurePrice>19.75</UnitOfMeasurePrice>
      <AllowDiscount>1</AllowDiscount>
      <ItemStatus>1</ItemStatus>
    </Item>
    <Item>
      <PriceUpdateDate>2020-08-04 16:29</PriceUpdateDate>
      <ItemCode>602652258244</ItemCode>
      <ItemType>1</ItemType>
      <ItemName>בי קיינד אגוזים דבש 40ג</ItemName>
      <ManufacturerName>---</ManufacturerName>
      <ManufactureCountry>US</ManufactureCountry>
      <ManufacturerItemDescription>חטיף ביי קיינד</ManufacturerItemDescription>
      <UnitQty>גרמים</UnitQty>
      <Quantity>40.00</Quantity>
      <bIsWeighted>0</bIsWeighted>
      <UnitOfMeasure>100 גרם</UnitOfMeasure>
      <QtyInPackage>1</QtyInPackage>
      <ItemPrice>7.90</ItemPrice>
      <UnitOfMeasurePrice>19.75</UnitOfMeasurePrice>
      <AllowDiscount>1</AllowDiscount>
      <ItemStatus>1</ItemStatus>
    </Item>
    <Item>
      <PriceUpdateDate>2020-10-10 18:30</PriceUpdateDate>
      <ItemCode>64144090013</ItemCode>
      <ItemType>1</ItemType>
      <ItemName>תרסיס שמן טעם חמאה 148מל</ItemName>
      <ManufacturerName>קונגרה</ManufacturerName>
      <ManufactureCountry>US</ManufactureCountry>
      <ManufacturerItemDescription>תרסיס שמן</ManufacturerItemDescription>
      <UnitQty>מיליליטרים</UnitQty>
      <Quantity>148.00</Quantity>
      <bIsWeighted>0</bIsWeighted>
      <UnitOfMeasure>100 מ"ל</UnitOfMeasure>
      <QtyInPackage>0</QtyInPackage>
      <ItemPrice>15.00</ItemPrice>
      <UnitOfMeasurePrice>10.14</UnitOfMeasurePrice>
      <AllowDiscount>1</AllowDiscount>
      <ItemStatus>1</ItemStatus>
    </Item>
    <Item>
      <PriceUpdateDate>2016-05-17 07:21</PriceUpdateDate>
      <ItemCode>649660432020</ItemCode>
      <ItemType>1</ItemType>
      <ItemName>שזיף מיובש נטול גלעין567</ItemName>
      <ManufacturerName>היל ויו פקינג קומפני</ManufacturerName>
      <ManufactureCountry>US</ManufactureCountry>
      <ManufacturerItemDescription>שזיף מיובש</ManufacturerItemDescription>
      <UnitQty>גרמים</UnitQty>
      <Quantity>567.00</Quantity>
      <bIsWeighted>0</bIsWeighted>
      <UnitOfMeasure>100 גרם</UnitOfMeasure>
      <QtyInPackage>1</QtyInPackage>
      <ItemPrice>24.90</ItemPrice>
      <UnitOfMeasurePrice>4.39</UnitOfMeasurePrice>
      <AllowDiscount>1</AllowDiscount>
      <ItemStatus>1</ItemStatus>
    </Item>
    <Item>
      <PriceUpdateDate>2019-06-11 08:10</PriceUpdateDate>
      <ItemCode>6935325410118</ItemCode>
      <ItemType>1</ItemType>
      <ItemName>שום יבוא</ItemName>
      <ManufacturerName>קטיף.</ManufacturerName>
      <ManufactureCountry>XX</ManufactureCountry>
      <ManufacturerItemDescription>שום יבוא</ManufacturerItemDescription>
      <UnitQty>גרמים</UnitQty>
      <Quantity>190.00</Quantity>
      <bIsWeighted>0</bIsWeighted>
      <UnitOfMeasure>100 גרם</UnitOfMeasure>
      <QtyInPackage>0</QtyInPackage>
      <ItemPrice>8.90</ItemPrice>
      <UnitOfMeasurePrice>4.68</UnitOfMeasurePrice>
      <AllowDiscount>1</AllowDiscount>
      <ItemStatus>1</ItemStatus>
    </Item>
    <Item>
      <PriceUpdateDate>2019-11-08 05:34</PriceUpdateDate>
      <ItemCode>70970479397</ItemCode>
      <ItemType>1</ItemType>
      <ItemName>סוכ.ג'לי פירות חמוץ102ג</ItemName>
      <ManufacturerName>ג'\אסט בורן</ManufacturerName>
      <ManufactureCountry>US</ManufactureCountry>
      <ManufacturerItemDescription>סוכריה ג'לי פירו</ManufacturerItemDescription>
      <UnitQty>גרמים</UnitQty>
      <Quantity>102.00</Quantity>
      <bIsWeighted>0</bIsWeighted>
      <UnitOfMeasure>100 גרם</UnitOfMeasure>
      <QtyInPackage>1</QtyInPackage>
      <ItemPrice>9.90</ItemPrice>
      <UnitOfMeasurePrice>9.71</UnitOfMeasurePrice>
      <AllowDiscount>1</AllowDiscount>
      <ItemStatus>1</ItemStatus>
    </Item>
    <Item>
      <PriceUpdateDate>2017-02-07 07:16</PriceUpdateDate>
      <ItemCode>728229123590</ItemCode>
      <ItemType>1</ItemType>
      <ItemName>צ'יפס אורגינל 110 גרם</ItemName>
      <ManufacturerName>היין סלסטיאל גרופ</ManufacturerName>
      <ManufactureCountry>US</ManufactureCountry>
      <ManufacturerItemDescription>צ'יפס</ManufacturerItemDescription>
      <UnitQty>גרמים</UnitQty>
      <Quantity>110.00</Quantity>
      <bIsWeighted>0</bIsWeighted>
      <UnitOfMeasure>100 גרם</UnitOfMeasure>
      <QtyInPackage>0</QtyInPackage>
      <ItemPrice>15.90</ItemPrice>
      <UnitOfMeasurePrice>14.45</UnitOfMeasurePrice>
      <AllowDiscount>1</AllowDiscount>
      <ItemStatus>1</ItemStatus>
    </Item>
    <Item>
      <PriceUpdateDate>2020-06-08 08:30</PriceUpdateDate>
      <ItemCode>7290000000022</ItemCode>
      <ItemType>0</ItemType>
      <ItemName>עגבניה</ItemName>
      <ManufacturerName>קטיף.</ManufacturerName>
      <ManufactureCountry>IL</ManufactureCountry>
      <ManufacturerItemDescription>עגבניה</ManufacturerItemDescription>
      <UnitQty>קילוגרמים</UnitQty>
      <Quantity>0.00</Quantity>
      <bIsWeighted>1</bIsWeighted>
      <UnitOfMeasure>ק"ג</UnitOfMeasure>
      <QtyInPackage>0</QtyInPackage>
      <ItemPrice>6.90</ItemPrice>
      <UnitOfMeasurePrice>6.90</UnitOfMeasurePrice>
      <AllowDiscount>1</AllowDiscount>
      <ItemStatus>1</ItemStatus>
    </Item>
    <Item>
      <PriceUpdateDate>2020-06-08 08:30</PriceUpdateDate>
      <ItemCode>7290000000046</ItemCode>
      <ItemType>0</ItemType>
      <ItemName>מלפפון</ItemName>
      <ManufacturerName>קטיף.</ManufacturerName>
      <ManufactureCountry>IL</ManufactureCountry>
      <ManufacturerItemDescription>מלפפונים</ManufacturerItemDescription>
      <UnitQty>קילוגרמים</UnitQty>
      <Quantity>0.00</Quantity>
      <bIsWeighted>1</bIsWeighted>
      <UnitOfMeasure>ק"ג</UnitOfMeasure>
      <QtyInPackage>0</QtyInPackage>
      <ItemPrice>6.90</ItemPrice>
      <UnitOfMeasurePrice>6.90</UnitOfMeasurePrice>
      <AllowDiscount>1</AllowDiscount>
      <ItemStatus>1</ItemStatus>
    </Item>
    <Item>
      <PriceUpdateDate>2020-10-06 10:28</PriceUpdateDate>
      <ItemCode>7290000000053</ItemCode>
      <ItemType>0</ItemType>
      <ItemName>קישואים</ItemName>
      <ManufacturerName>קטיף.</ManufacturerName>
      <ManufactureCountry>IL</ManufactureCountry>
      <ManufacturerItemDescription>קישואים</ManufacturerItemDescription>
      <UnitQty>קילוגרמים</UnitQty>
      <Quantity>0.00</Quantity>
      <bIsWeighted>1</bIsWeighted>
      <UnitOfMeasure>ק"ג</UnitOfMeasure>
      <QtyInPackage>0</QtyInPackage>
      <ItemPrice>10.90</ItemPrice>
      <UnitOfMeasurePrice>10.90</UnitOfMeasurePrice>
      <AllowDiscount>1</AllowDiscount>
      <ItemStatus>1</ItemStatus>
    </Item>
    <Item>
      <PriceUpdateDate>2020-06-29 14:44</PriceUpdateDate>
      <ItemCode>7290000000091</ItemCode>
      <ItemType>0</ItemType>
      <ItemName>פלפל אדום</ItemName>
      <ManufacturerName>קטיף.</ManufacturerName>
      <ManufactureCountry>IL</ManufactureCountry>
      <ManufacturerItemDescription>פלפל אדום</ManufacturerItemDescription>
      <UnitQty>קילוגרמים</UnitQty>
      <Quantity>0.00</Quantity>
      <bIsWeighted>1</bIsWeighted>
      <UnitOfMeasure>ק"ג</UnitOfMeasure>
      <QtyInPackage>0</QtyInPackage>
      <ItemPrice>10.90</ItemPrice>
      <UnitOfMeasurePrice>10.90</UnitOfMeasurePrice>
      <AllowDiscount>1</AllowDiscount>
      <ItemStatus>1</ItemStatus>
    </Item>
    <Item>
      <PriceUpdateDate>2020-10-13 09:32</PriceUpdateDate>
      <ItemCode>7290000000114</ItemCode>
      <ItemType>0</ItemType>
      <ItemName>חציל</ItemName>
      <ManufacturerName>קטיף.</ManufacturerName>
      <ManufactureCountry>IL</ManufactureCountry>
      <ManufacturerItemDescription>חצילים</ManufacturerItemDescription>
      <UnitQty>קילוגרמים</UnitQty>
      <Quantity>0.00</Quantity>
      <bIsWeighted>1</bIsWeighted>
      <UnitOfMeasure>ק"ג</UnitOfMeasure>
      <QtyInPackage>0</QtyInPackage>
      <ItemPrice>8.90</ItemPrice>
      <UnitOfMeasurePrice>8.90</UnitOfMeasurePrice>
      <AllowDiscount>1</AllowDiscount>
      <ItemStatus>1</ItemStatus>
    </Item>
    <Item>
      <PriceUpdateDate>2019-08-07 11:59</PriceUpdateDate>
      <ItemCode>7290000000121</ItemCode>
      <ItemType>0</ItemType>
      <ItemName>גזר ארוז</ItemName>
      <ManufacturerName>קטיף.</ManufacturerName>
      <ManufactureCountry>IL</ManufactureCountry>
      <ManufacturerItemDescription>גזר ארוז</ManufacturerItemDescription>
      <UnitQty>קילוגרמים</UnitQty>
      <Quantity>0.00</Quantity>
      <bIsWeighted>1</bIsWeighted>
      <UnitOfMeasure>ק"ג</UnitOfMeasure>
      <QtyInPackage>0</QtyInPackage>
      <ItemPrice>4.90</ItemPrice>
      <UnitOfMeasurePrice>4.90</UnitOfMeasurePrice>
      <AllowDiscount>1</AllowDiscount>
      <ItemStatus>1</ItemStatus>
    </Item>
    <Item>
      <PriceUpdateDate>2020-10-13 09:32</PriceUpdateDate>
      <ItemCode>7290000000138</ItemCode>
      <ItemType>0</ItemType>
      <ItemName>כרוב לבן</ItemName>
      <ManufacturerName>קטיף.</ManufacturerName>
      <ManufactureCountry>IL</ManufactureCountry>
      <ManufacturerItemDescription>כרוב לבן</ManufacturerItemDescription>
      <UnitQty>קילוגרמים</UnitQty>
      <Quantity>0.00</Quantity>
      <bIsWeighted>1</bIsWeighted>
      <UnitOfMeasure>ק"ג</UnitOfMeasure>
      <QtyInPackage>0</QtyInPackage>
      <ItemPrice>5.90</ItemPrice>
      <UnitOfMeasurePrice>5.90</UnitOfMeasurePrice>
      <AllowDiscount>1</AllowDiscount>
      <ItemStatus>1</ItemStatus>
    </Item>
    <Item>
      <PriceUpdateDate>2017-11-05 09:56</PriceUpdateDate>
      <ItemCode>7290000000169</ItemCode>
      <ItemType>0</ItemType>
      <ItemName>כרוב סיני</ItemName>
      <ManufacturerName>קטיף.</ManufacturerName>
      <ManufactureCountry>IL</ManufactureCountry>
      <ManufacturerItemDescription>כרוב סיני</ManufacturerItemDescription>
      <UnitQty>גרמים</UnitQty>
      <Quantity>200.00</Quantity>
      <bIsWeighted>0</bIsWeighted>
      <UnitOfMeasure>100 גרם</UnitOfMeasure>
      <QtyInPackage>0</QtyInPackage>
      <ItemPrice>7.90</ItemPrice>
      <UnitOfMeasurePrice>3.95</UnitOfMeasurePrice>
      <AllowDiscount>1</AllowDiscount>
      <ItemStatus>1</ItemStatus>
    </Item>
    <Item>
      <PriceUpdateDate>2020-05-21 08:59</PriceUpdateDate>
      <ItemCode>7290000000176</ItemCode>
      <ItemType>0</ItemType>
      <ItemName>כרובית</ItemName>
      <ManufacturerName>קטיף.</ManufacturerName>
      <ManufactureCountry>IL</ManufactureCountry>
      <ManufacturerItemDescription>כרובית</ManufacturerItemDescription>
      <UnitQty>קילוגרמים</UnitQty>
      <Quantity>0.00</Quantity>
      <bIsWeighted>1</bIsWeighted>
      <UnitOfMeasure>ק"ג</UnitOfMeasure>
      <QtyInPackage>0</QtyInPackage>
      <ItemPrice>11.90</ItemPrice>
      <UnitOfMeasurePrice>11.90</UnitOfMeasurePrice>
      <AllowDiscount>1</AllowDiscount>
      <ItemStatus>1</ItemStatus>
    </Item>
    <Item>
      <PriceUpdateDate>2019-09-10 13:18</PriceUpdateDate>
      <ItemCode>7290000000183</ItemCode>
      <ItemType>0</ItemType>
      <ItemName>סלק</ItemName>
      <ManufacturerName>קטיף.</ManufacturerName>
      <ManufactureCountry>IL</ManufactureCountry>
      <ManufacturerItemDescription>סלק</ManufacturerItemDescription>
      <UnitQty>קילוגרמים</UnitQty>
      <Quantity>0.00</Quantity>
      <bIsWeighted>1</bIsWeighted>
      <UnitOfMeasure>ק"ג</UnitOfMeasure>
      <QtyInPackage>0</QtyInPackage>
      <ItemPrice>5.90</ItemPrice>
      <UnitOfMeasurePrice>5.90</UnitOfMeasurePrice>
      <AllowDiscount>1</AllowDiscount>
      <ItemStatus>1</ItemStatus>
    </Item>
    <Item>
      <PriceUpdateDate>2020-04-06 11:03</PriceUpdateDate>
      <ItemCode>7290000000282</ItemCode>
      <ItemType>0</ItemType>
      <ItemName>חסה ערבית יחידה</ItemName>
      <ManufacturerName>---</ManufacturerName>
      <ManufactureCountry>IL</ManufactureCountry>
      <ManufacturerItemDescription>חסה ערבית</ManufacturerItemDescription>
      <UnitQty>יחידה</UnitQty>
      <Quantity>1.00</Quantity>
      <bIsWeighted>0</bIsWeighted>
      <UnitOfMeasure>יחידה</UnitOfMeasure>
      <QtyInPackage>0</QtyInPackage>
      <ItemPrice>4.90</ItemPrice>
      <UnitOfMeasurePrice>4.90</UnitOfMeasurePrice>
      <AllowDiscount>1</AllowDiscount>
      <ItemStatus>1</ItemStatus>
    </Item>
    <Item>
      <PriceUpdateDate>2017-02-08 08:33</PriceUpdateDate>
      <ItemCode>7290000000299</ItemCode>
      <ItemType>0</ItemType>
      <ItemName>חסה עגולה יחידה</ItemName>
      <ManufacturerName>קטיף.</ManufacturerName>
      <ManufactureCountry>IL</ManufactureCountry>
      <ManufacturerItemDescription>חסה עגולה</ManufacturerItemDescription>
      <UnitQty>יחידה</UnitQty>
      <Quantity>1.00</Quantity>
      <bIsWeighted>0</bIsWeighted>
      <UnitOfMeasure>יחידה</UnitOfMeasure>
      <QtyInPackage>0</QtyInPackage>
      <ItemPrice>7.90</ItemPrice>
      <UnitOfMeasurePrice>7.90</UnitOfMeasurePrice>
      <AllowDiscount>1</AllowDiscount>
      <ItemStatus>1</ItemStatus>
    </Item>
    <Item>
      <PriceUpdateDate>2019-06-11 08:10</PriceUpdateDate>
      <ItemCode>7290000000411</ItemCode>
      <ItemType>0</ItemType>
      <ItemName>שום מארז</ItemName>
      <ManufacturerName>קטיף.</ManufacturerName>
      <ManufactureCountry>XX</ManufactureCountry>
      <ManufacturerItemDescription>שום מארז</ManufacturerItemDescription>
      <UnitQty>גרמים</UnitQty>
      <Quantity>190.00</Quantity>
      <bIsWeighted>0</bIsWeighted>
      <UnitOfMeasure>100 גרם</UnitOfMeasure>
      <QtyInPackage>0</QtyInPackage>
      <ItemPrice>8.90</ItemPrice>
      <UnitOfMeasurePrice>4.68</UnitOfMeasurePrice>
      <AllowDiscount>1</AllowDiscount>
      <ItemStatus>1</ItemStatus>
    </Item>
    <Item>
      <PriceUpdateDate>2020-10-13 09:32</PriceUpdateDate>
      <ItemCode>7290000000428</ItemCode>
      <ItemType>0</ItemType>
      <ItemName>בטטה מובחר</ItemName>
      <ManufacturerName>קטיף.</ManufacturerName>
      <ManufactureCountry>IL</ManufactureCountry>
      <ManufacturerItemDescription>בטטה</ManufacturerItemDescription>
      <UnitQty>קילוגרמים</UnitQty>
      <Quantity>0.00</Quantity>
      <bIsWeighted>1</bIsWeighted>
      <UnitOfMeasure>ק"ג</UnitOfMeasure>
      <QtyInPackage>0</QtyInPackage>
      <ItemPrice>9.90</ItemPrice>
      <UnitOfMeasurePrice>9.90</UnitOfMeasurePrice>
      <AllowDiscount>1</AllowDiscount>
      <ItemStatus>1</ItemStatus>
    </Item>
    <Item>
      <PriceUpdateDate>2014-09-14 07:58</PriceUpdateDate>
      <ItemCode>7290000000435</ItemCode>
      <ItemType>0</ItemType>
      <ItemName>סלרי עלים יחידה</ItemName>
      <ManufacturerName>---</ManufacturerName>
      <ManufactureCountry>IL</ManufactureCountry>
      <ManufacturerItemDescription>סלרי עלים</ManufacturerItemDescription>
      <UnitQty>יחידה</UnitQty>
      <Quantity>1.00</Quantity>
      <bIsWeighted>0</bIsWeighted>
      <UnitOfMeasure>יחידה</UnitOfMeasure>
      <QtyInPackage>0</QtyInPackage>
      <ItemPrice>6.90</ItemPrice>
      <UnitOfMeasurePrice>6.90</UnitOfMeasurePrice>
      <AllowDiscount>1</AllowDiscount>
      <ItemStatus>1</ItemStatus>
    </Item>
    <Item>
      <PriceUpdateDate>2018-01-30 11:39</PriceUpdateDate>
      <ItemCode>7290000000466</ItemCode>
      <ItemType>0</ItemType>
      <ItemName>בצל ירוק יחידה</ItemName>
      <ManufacturerName>---</ManufacturerName>
      <ManufactureCountry>IL</ManufactureCountry>
      <ManufacturerItemDescription>בצל ירוק</ManufacturerItemDescription>
      <UnitQty>יחידה</UnitQty>
      <Quantity>1.00</Quantity>
      <bIsWeighted>0</bIsWeighted>
      <UnitOfMeasure>יחידה</UnitOfMeasure>
      <QtyInPackage>0</QtyInPackage>
      <ItemPrice>5.90</ItemPrice>
      <UnitOfMeasurePrice>5.90</UnitOfMeasurePrice>
      <AllowDiscount>1</AllowDiscount>
      <ItemStatus>1</ItemStatus>
    </Item>
    <Item>
      <PriceUpdateDate>2020-10-13 09:32</PriceUpdateDate>
      <ItemCode>7290000000480</ItemCode>
      <ItemType>0</ItemType>
      <ItemName>בצל יבש</ItemName>
      <ManufacturerName>קטיף.</ManufacturerName>
      <ManufactureCountry>IL</ManufactureCountry>
      <ManufacturerItemDescription>בצל יבש</ManufacturerItemDescription>
      <UnitQty>קילוגרמים</UnitQty>
      <Quantity>0.00</Quantity>
      <bIsWeighted>1</bIsWeighted>
      <UnitOfMeasure>ק"ג</UnitOfMeasure>
      <QtyInPackage>0</QtyInPackage>
      <ItemPrice>5.90</ItemPrice>
      <UnitOfMeasurePrice>5.90</UnitOfMeasurePrice>
      <AllowDiscount>1</AllowDiscount>
      <ItemStatus>1</ItemStatus>
    </Item>
    <Item>
      <PriceUpdateDate>2017-08-27 19:59</PriceUpdateDate>
      <ItemCode>7290000000510</ItemCode>
      <ItemType>0</ItemType>
      <ItemName>פטרוזיליה</ItemName>
      <ManufacturerName>---</ManufacturerName>
      <ManufactureCountry>IL</ManufactureCountry>
      <ManufacturerItemDescription>פטרוזיליה</ManufacturerItemDescription>
      <UnitQty>יחידה</UnitQty>
      <Quantity>1.00</Quantity>
      <bIsWeighted>0</bIsWeighted>
      <UnitOfMeasure>יחידה</UnitOfMeasure>
      <QtyInPackage>0</QtyInPackage>
      <ItemPrice>4.90</ItemPrice>
      <UnitOfMeasurePrice>4.90</UnitOfMeasurePrice>
      <AllowDiscount>1</AllowDiscount>
      <ItemStatus>1</ItemStatus>
    </Item>
    <Item>
      <PriceUpdateDate>2017-08-27 19:59</PriceUpdateDate>
      <ItemCode>7290000000558</ItemCode>
      <ItemType>0</ItemType>
      <ItemName>כוסברה יחידה</ItemName>
      <ManufacturerName>---</ManufacturerName>
      <ManufactureCountry>IL</ManufactureCountry>
      <ManufacturerItemDescription>כוסברה</ManufacturerItemDescription>
      <UnitQty>יחידה</UnitQty>
      <Quantity>1.00</Quantity>
      <bIsWeighted>0</bIsWeighted>
      <UnitOfMeasure>יחידה</UnitOfMeasure>
      <QtyInPackage>0</QtyInPackage>
      <ItemPrice>4.90</ItemPrice>
      <UnitOfMeasurePrice>4.90</UnitOfMeasurePrice>
      <AllowDiscount>1</AllowDiscount>
      <ItemStatus>1</ItemStatus>
    </Item>
    <Item>
      <PriceUpdateDate>2019-07-03 08:49</PriceUpdateDate>
      <ItemCode>7290000000596</ItemCode>
      <ItemType>0</ItemType>
      <ItemName>תפוח אדמה לבן תפזורת</ItemName>
      <ManufacturerName>קטיף.</ManufacturerName>
      <ManufactureCountry>IL</ManufactureCountry>
      <ManufacturerItemDescription>תפוח אדמה תפזורת</ManufacturerItemDescription>
      <UnitQty>קילוגרמים</UnitQty>
      <Quantity>0.00</Quantity>
      <bIsWeighted>1</bIsWeighted>
      <UnitOfMeasure>ק"ג</UnitOfMeasure>
      <QtyInPackage>0</QtyInPackage>
      <ItemPrice>5.90</ItemPrice>
      <UnitOfMeasurePrice>5.90</UnitOfMeasurePrice>
      <AllowDiscount>1</AllowDiscount>
      <ItemStatus>1</ItemStatus>
    </Item>
    <Item>
      <PriceUpdateDate>2020-10-06 10:28</PriceUpdateDate>
      <ItemCode>7290000000619</ItemCode>
      <ItemType>0</ItemType>
      <ItemName>פלפל חריף</ItemName>
      <ManufacturerName>שותפות מזרחי</ManufacturerName>
      <ManufactureCountry>IL</ManufactureCountry>
      <ManufacturerItemDescription>פלפל חריף</ManufacturerItemDescription>
      <UnitQty>קילוגרמים</UnitQty>
      <Quantity>0.00</Quantity>
      <bIsWeighted>1</bIsWeighted>
      <UnitOfMeasure>ק"ג</UnitOfMeasure>
      <QtyInPackage>0</QtyInPackage>
      <ItemPrice>10.90</ItemPrice>
      <UnitOfMeasurePrice>10.90</UnitOfMeasurePrice>
      <AllowDiscount>1</AllowDiscount>
      <ItemStatus>1</ItemStatus>
    </Item>
    <Item>
      <PriceUpdateDate>2020-06-08 08:30</PriceUpdateDate>
      <ItemCode>7290000000718</ItemCode>
      <ItemType>0</ItemType>
      <ItemName>פטריות חורש</ItemName>
      <ManufacturerName>קטיף.</ManufacturerName>
      <ManufactureCountry>IL</ManufactureCountry>
      <ManufacturerItemDescription>פטריות חורש</ManufacturerItemDescription>
      <UnitQty>קילוגרמים</UnitQty>
      <Quantity>0.00</Quantity>
      <bIsWeighted>1</bIsWeighted>
      <UnitOfMeasure>ק"ג</UnitOfMeasure>
      <QtyInPackage>0</QtyInPackage>
      <ItemPrice>36.90</ItemPrice>
      <UnitOfMeasurePrice>36.90</UnitOfMeasurePrice>
      <AllowDiscount>1</AllowDiscount>
      <ItemStatus>1</ItemStatus>
    </Item>
    <Item>
      <PriceUpdateDate>2019-11-17 12:17</PriceUpdateDate>
      <ItemCode>7290000001036</ItemCode>
      <ItemType>0</ItemType>
      <ItemName>בצל יבש אדום</ItemName>
      <ManufacturerName>קטיף.</ManufacturerName>
      <ManufactureCountry>XX</ManufactureCountry>
      <ManufacturerItemDescription>בצל יבש אדום</ManufacturerItemDescription>
      <UnitQty>קילוגרמים</UnitQty>
      <Quantity>0.00</Quantity>
      <bIsWeighted>1</bIsWeighted>
      <UnitOfMeasure>ק"ג</UnitOfMeasure>
      <QtyInPackage>0</QtyInPackage>
      <ItemPrice>6.90</ItemPrice>
      <UnitOfMeasurePrice>6.90</UnitOfMeasurePrice>
      <AllowDiscount>1</AllowDiscount>
      <ItemStatus>1</ItemStatus>
    </Item>
    <Item>
      <PriceUpdateDate>2019-07-03 08:49</PriceUpdateDate>
      <ItemCode>7290000001661</ItemCode>
      <ItemType>0</ItemType>
      <ItemName>גזר תפזורת</ItemName>
      <ManufacturerName>קטיף.</ManufacturerName>
      <ManufactureCountry>IL</ManufactureCountry>
      <ManufacturerItemDescription>גזר תפזורת</ManufacturerItemDescription>
      <UnitQty>קילוגרמים</UnitQty>
      <Quantity>0.00</Quantity>
      <bIsWeighted>1</bIsWeighted>
      <UnitOfMeasure>ק"ג</UnitOfMeasure>
      <QtyInPackage>0</QtyInPackage>
      <ItemPrice>4.90</ItemPrice>
      <UnitOfMeasurePrice>4.90</UnitOfMeasurePrice>
      <AllowDiscount>1</AllowDiscount>
      <ItemStatus>1</ItemStatus>
    </Item>
    <Item>
      <PriceUpdateDate>2018-02-12 08:52</PriceUpdateDate>
      <ItemCode>7290000001692</ItemCode>
      <ItemType>0</ItemType>
      <ItemName>תפוח אדמה אדום ארוז</ItemName>
      <ManufacturerName>קטיף.</ManufacturerName>
      <ManufactureCountry>IL</ManufactureCountry>
      <ManufacturerItemDescription>תפוא אדום ארוז</ManufacturerItemDescription>
      <UnitQty>קילוגרמים</UnitQty>
      <Quantity>0.00</Quantity>
      <bIsWeighted>1</bIsWeighted>
      <UnitOfMeasure>ק"ג</UnitOfMeasure>
      <QtyInPackage>0</QtyInPackage>
      <ItemPrice>5.90</ItemPrice>
      <UnitOfMeasurePrice>5.90</UnitOfMeasurePrice>
      <AllowDiscount>1</AllowDiscount>
      <ItemStatus>1</ItemStatus>
    </Item>
    <Item>
      <PriceUpdateDate>2019-06-11 08:01</PriceUpdateDate>
      <ItemCode>7290000001715</ItemCode>
      <ItemType>0</ItemType>
      <ItemName>תפוח אדמה לבן ארוז</ItemName>
      <ManufacturerName>קטיף.</ManufacturerName>
      <ManufactureCountry>IL</ManufactureCountry>
      <ManufacturerItemDescription>תפוח אדמה לבן</ManufacturerItemDescription>
      <UnitQty>קילוגרמים</UnitQty>
      <Quantity>0.00</Quantity>
      <bIsWeighted>1</bIsWeighted>
      <UnitOfMeasure>ק"ג</UnitOfMeasure>
      <QtyInPackage>0</QtyInPackage>
      <ItemPrice>4.90</ItemPrice>
      <UnitOfMeasurePrice>4.90</UnitOfMeasurePrice>
      <AllowDiscount>1</AllowDiscount>
      <ItemStatus>1</ItemStatus>
    </Item>
    <Item>
      <PriceUpdateDate>2019-01-23 17:53</PriceUpdateDate>
      <ItemCode>7290000001722</ItemCode>
      <ItemType>0</ItemType>
      <ItemName>תפוח אדמה אדום תפזורת</ItemName>
      <ManufacturerName>קטיף.</ManufacturerName>
      <ManufactureCountry>IL</ManufactureCountry>
      <ManufacturerItemDescription>תפו"א אדום תפז'</ManufacturerItemDescription>
      <UnitQty>קילוגרמים</UnitQty>
      <Quantity>0.00</Quantity>
      <bIsWeighted>1</bIsWeighted>
      <UnitOfMeasure>ק"ג</UnitOfMeasure>
      <QtyInPackage>0</QtyInPackage>
      <ItemPrice>6.90</ItemPrice>
      <UnitOfMeasurePrice>6.90</UnitOfMeasurePrice>
      <AllowDiscount>1</AllowDiscount>
      <ItemStatus>1</ItemStatus>
    </Item>
    <Item>
      <PriceUpdateDate>2018-05-29 08:01</PriceUpdateDate>
      <ItemCode>7290000002026</ItemCode>
      <ItemType>0</ItemType>
      <ItemName>לחם אחיד 750 גרם</ItemName>
      <ManufacturerName>מאפית ברמן</ManufacturerName>
      <ManufactureCountry>IL</ManufactureCountry>
      <ManufacturerItemDescription>לחם אחיד</ManufacturerItemDescription>
      <UnitQty>גרמים</UnitQty>
      <Quantity>750.00</Quantity>
      <bIsWeighted>0</bIsWeighted>
      <UnitOfMeasure>100 גרם</UnitOfMeasure>
      <QtyInPackage>0</QtyInPackage>
      <ItemPrice>5.12</ItemPrice>
      <UnitOfMeasurePrice>0.68</UnitOfMeasurePrice>
      <AllowDiscount>1</AllowDiscount>
      <ItemStatus>1</ItemStatus>
    </Item>
    <Item>
      <PriceUpdateDate>2019-02-03 13:02</PriceUpdateDate>
      <ItemCode>7290000002040</ItemCode>
      <ItemType>0</ItemType>
      <ItemName>חלה רגילה 500 גרם</ItemName>
      <ManufacturerName>מאפית ברמן</ManufacturerName>
      <ManufactureCountry>IL</ManufactureCountry>
      <ManufacturerItemDescription>חלה רגילה</ManufacturerItemDescription>
      <UnitQty>גרמים</UnitQty>
      <Quantity>500.00</Quantity>
      <bIsWeighted>0</bIsWeighted>
      <UnitOfMeasure>100 גרם</UnitOfMeasure>
      <QtyInPackage>0</QtyInPackage>
      <ItemPrice>5.17</ItemPrice>
      <UnitOfMeasurePrice>1.03</UnitOfMeasurePrice>
      <AllowDiscount>1</AllowDiscount>
      <ItemStatus>1</ItemStatus>
    </Item>
    <Item>
      <PriceUpdateDate>2020-10-10 18:30</PriceUpdateDate>
      <ItemCode>7290000023809</ItemCode>
      <ItemType>1</ItemType>
      <ItemName>ברקן קלאסיק קברנה 750מ"ל</ItemName>
      <ManufacturerName>יקבי ברקן שיווק והפצה בע</ManufacturerName>
      <ManufactureCountry>IL</ManufactureCountry>
      <ManufacturerItemDescription>קברנה קלאסיק</ManufacturerItemDescription>
      <UnitQty>מיליליטרים</UnitQty>
      <Quantity>750.00</Quantity>
      <bIsWeighted>0</bIsWeighted>
      <UnitOfMeasure>100 מ"ל</UnitOfMeasure>
      <QtyInPackage>0</QtyInPackage>
      <ItemPrice>26.90</ItemPrice>
      <UnitOfMeasurePrice>3.58</UnitOfMeasurePrice>
      <AllowDiscount>1</AllowDiscount>
      <ItemStatus>1</ItemStatus>
    </Item>
    <Item>
      <PriceUpdateDate>2020-10-10 18:30</PriceUpdateDate>
      <ItemCode>7290000023847</ItemCode>
      <ItemType>1</ItemType>
      <ItemName>יין לבן שרדונה קלאסיק750</ItemName>
      <ManufacturerName>יקבי ברקן שיווק והפצה בע</ManufacturerName>
      <ManufactureCountry>IL</ManufactureCountry>
      <ManufacturerItemDescription>יין לבן שרדונה</ManufacturerItemDescription>
      <UnitQty>מיליליטרים</UnitQty>
      <Quantity>750.00</Quantity>
      <bIsWeighted>0</bIsWeighted>
      <UnitOfMeasure>100 מ"ל</UnitOfMeasure>
      <QtyInPackage>0</QtyInPackage>
      <ItemPrice>26.90</ItemPrice>
      <UnitOfMeasurePrice>3.59</UnitOfMeasurePrice>
      <AllowDiscount>1</AllowDiscount>
      <ItemStatus>1</ItemStatus>
    </Item>
    <Item>
      <PriceUpdateDate>2020-10-10 18:30</PriceUpdateDate>
      <ItemCode>7290000023977</ItemCode>
      <ItemType>1</ItemType>
      <ItemName>ברקן קלאסיק מרלו 750 מ"ל</ItemName>
      <ManufacturerName>יקבי ברקן שיווק והפצה בע</ManufacturerName>
      <ManufactureCountry>IL</ManufactureCountry>
      <ManufacturerItemDescription>מרלו קלאסיק</ManufacturerItemDescription>
      <UnitQty>מיליליטרים</UnitQty>
      <Quantity>750.00</Quantity>
      <bIsWeighted>0</bIsWeighted>
      <UnitOfMeasure>100 מ"ל</UnitOfMeasure>
      <QtyInPackage>0</QtyInPackage>
      <ItemPrice>26.90</ItemPrice>
      <UnitOfMeasurePrice>3.58</UnitOfMeasurePrice>
      <AllowDiscount>1</AllowDiscount>
      <ItemStatus>1</ItemStatus>
    </Item>
    <Item>
      <PriceUpdateDate>2020-10-10 18:30</PriceUpdateDate>
      <ItemCode>7290000024264</ItemCode>
      <ItemType>1</ItemType>
      <ItemName>ברקן רזרב מרלו 750 מ"ל</ItemName>
      <ManufacturerName>כרמי צבי - אחים סגל בע"\</ManufacturerName>
      <ManufactureCountry>IL</ManufactureCountry>
      <ManufacturerItemDescription>מרלו רזרב</ManufacturerItemDescription>
      <UnitQty>מיליליטרים</UnitQty>
      <Quantity>750.00</Quantity>
      <bIsWeighted>0</bIsWeighted>
      <UnitOfMeasure>100 מ"ל</UnitOfMeasure>
      <QtyInPackage>0</QtyInPackage>
      <ItemPrice>39.90</ItemPrice>
      <UnitOfMeasurePrice>5.32</UnitOfMeasurePrice>
      <AllowDiscount>1</AllowDiscount>
      <ItemStatus>1</ItemStatus>
    </Item>
    <Item>
      <PriceUpdateDate>2018-05-22 12:22</PriceUpdateDate>
      <ItemCode>7290000024523</ItemCode>
      <ItemType>1</ItemType>
      <ItemName>תירוש של סגל 1 ליטר</ItemName>
      <ManufacturerName>יינות סגל</ManufacturerName>
      <ManufactureCountry>IL</ManufactureCountry>
      <ManufacturerItemDescription>תירוש של סגל</ManufacturerItemDescription>
      <UnitQty>ליטרים</UnitQty>
      <Quantity>1.00</Quantity>
      <bIsWeighted>0</bIsWeighted>
      <UnitOfMeasure>ליטר</UnitOfMeasure>
      <QtyInPackage>0</QtyInPackage>
      <ItemPrice>14.80</ItemPrice>
      <UnitOfMeasurePrice>14.80</UnitOfMeasurePrice>
      <AllowDiscount>1</AllowDiscount>
      <ItemStatus>1</ItemStatus>
    </Item>
    <Item>
      <PriceUpdateDate>2020-08-04 16:29</PriceUpdateDate>
      <ItemCode>7290000024530</ItemCode>
      <ItemType>1</ItemType>
      <ItemName>יין מתוק לקידוש סגל750מל</ItemName>
      <ManufacturerName>כרמי צבי - אחים סגל בע"\</ManufacturerName>
      <ManufactureCountry>IL</ManufactureCountry>
      <ManufacturerItemDescription>יין מתוק לקידוש</ManufacturerItemDescription>
      <UnitQty>מיליליטרים</UnitQty>
      <Quantity>750.00</Quantity>
      <bIsWeighted>0</bIsWeighted>
      <UnitOfMeasure>100 מ"ל</UnitOfMeasure>
      <QtyInPackage>0</QtyInPackage>
      <ItemPrice>15.90</ItemPrice>
      <UnitOfMeasurePrice>2.12</UnitOfMeasurePrice>
      <AllowDiscount>1</AllowDiscount>
      <ItemStatus>1</ItemStatus>
    </Item>
    <Item>
      <PriceUpdateDate>2016-02-09 06:51</PriceUpdateDate>
      <ItemCode>7290000034256</ItemCode>
      <ItemType>1</ItemType>
      <ItemName>ביסקוויט תירוש 175 גרם</ItemName>
      <ManufacturerName>מגדנית הדר</ManufacturerName>
      <ManufactureCountry>IL</ManufactureCountry>
      <ManufacturerItemDescription>ביסקוויט תירוש</ManufacturerItemDescription>
      <UnitQty>גרמים</UnitQty>
      <Quantity>175.00</Quantity>
      <bIsWeighted>0</bIsWeighted>
      <UnitOfMeasure>100 גרם</UnitOfMeasure>
      <QtyInPackage>0</QtyInPackage>
      <ItemPrice>6.90</ItemPrice>
      <UnitOfMeasurePrice>3.94</UnitOfMeasurePrice>
      <AllowDiscount>1</AllowDiscount>
      <ItemStatus>1</ItemStatus>
    </Item>
    <Item>
      <PriceUpdateDate>2013-06-02 10:59</PriceUpdateDate>
      <ItemCode>7290000040066</ItemCode>
      <ItemType>1</ItemType>
      <ItemName>יופלה דובדבן3% 150 גרם</ItemName>
      <ManufacturerName>תנובה בעמ</ManufacturerName>
      <ManufactureCountry>IL</ManufactureCountry>
      <ManufacturerItemDescription>יופלה דובדבן3%</ManufacturerItemDescription>
      <UnitQty>גרמים</UnitQty>
      <Quantity>150.00</Quantity>
      <bIsWeighted>0</bIsWeighted>
      <UnitOfMeasure>100 גרם</UnitOfMeasure>
      <QtyInPackage>0</QtyInPackage>
      <ItemPrice>5.20</ItemPrice>
      <UnitOfMeasurePrice>3.47</UnitOfMeasurePrice>
      <AllowDiscount>1</AllowDiscount>
      <ItemStatus>1</ItemStatus>
    </Item>
    <Item>
      <PriceUpdateDate>2013-06-02 10:59</PriceUpdateDate>
      <ItemCode>7290000040080</ItemCode>
      <ItemType>1</ItemType>
      <ItemName>יוגורט יופלה אפרסק3% 150</ItemName>
      <ManufacturerName>תנובה בעמ</ManufacturerName>
      <ManufactureCountry>IL</ManufactureCountry>
      <ManufacturerItemDescription>יופלה אפרסק3%</ManufacturerItemDescription>
      <UnitQty>גרמים</UnitQty>
      <Quantity>150.00</Quantity>
      <bIsWeighted>0</bIsWeighted>
      <UnitOfMeasure>100 גרם</UnitOfMeasure>
      <QtyInPackage>0</QtyInPackage>
      <ItemPrice>5.20</ItemPrice>
      <UnitOfMeasurePrice>3.47</UnitOfMeasurePrice>
      <AllowDiscount>1</AllowDiscount>
      <ItemStatus>1</ItemStatus>
    </Item>
    <Item>
      <PriceUpdateDate>2018-09-12 14:25</PriceUpdateDate>
      <ItemCode>7290000040301</ItemCode>
      <ItemType>1</ItemType>
      <ItemName>עין גדי קממבר24% 125 גר</ItemName>
      <ManufacturerName>תנובה</ManufacturerName>
      <ManufactureCountry>IL</ManufactureCountry>
      <ManufacturerItemDescription>עין גדי קממבר</ManufacturerItemDescription>
      <UnitQty>גרמים</UnitQty>
      <Quantity>125.00</Quantity>
      <bIsWeighted>0</bIsWeighted>
      <UnitOfMeasure>100 גרם</UnitOfMeasure>
      <QtyInPackage>0</QtyInPackage>
      <ItemPrice>20.60</ItemPrice>
      <UnitOfMeasurePrice>16.48</UnitOfMeasurePrice>
      <AllowDiscount>1</AllowDiscount>
      <ItemStatus>1</ItemStatus>
    </Item>
    <Item>
      <PriceUpdateDate>2018-09-12 14:25</PriceUpdateDate>
      <ItemCode>7290000040974</ItemCode>
      <ItemType>1</ItemType>
      <ItemName>חלב טרי 2% דל לקטוז 1 ל</ItemName>
      <ManufacturerName>תנובה</ManufacturerName>
      <ManufactureCountry>IL</ManufactureCountry>
      <ManufacturerItemDescription>חלב טרי דל לקטוז</ManufacturerItemDescription>
      <UnitQty>ליטרים</UnitQty>
      <Quantity>1.00</Quantity>
      <bIsWeighted>0</bIsWeighted>
      <UnitOfMeasure>ליטר</UnitOfMeasure>
      <QtyInPackage>0</QtyInPackage>
      <ItemPrice>7.20</ItemPrice>
      <UnitOfMeasurePrice>7.20</UnitOfMeasurePrice>
      <AllowDiscount>1</AllowDiscount>
      <ItemStatus>1</ItemStatus>
    </Item>
    <Item>
      <PriceUpdateDate>2014-06-10 06:30</PriceUpdateDate>
      <ItemCode>7290000041858</ItemCode>
      <ItemType>1</ItemType>
      <ItemName>שמנת חמוצה15% מועשרת200</ItemName>
      <ManufacturerName>מחלבת יטבתה</ManufacturerName>
      <ManufactureCountry>IL</ManufactureCountry>
      <ManufacturerItemDescription>שמנת חמוצה יטבתה</ManufacturerItemDescription>
      <UnitQty>מיליליטרים</UnitQty>
      <Quantity>200.00</Quantity>
      <bIsWeighted>0</bIsWeighted>
      <UnitOfMeasure>100 מ"ל</UnitOfMeasure>
      <QtyInPackage>0</QtyInPackage>
      <ItemPrice>2.40</ItemPrice>
      <UnitOfMeasurePrice>1.20</UnitOfMeasurePrice>
      <AllowDiscount>1</AllowDiscount>
      <ItemStatus>1</ItemStatus>
    </Item>
    <Item>
      <PriceUpdateDate>2019-06-19 08:00</PriceUpdateDate>
      <ItemCode>7290000042008</ItemCode>
      <ItemType>1</ItemType>
      <ItemName>חלב מפוסטר 3%שקית 1 ל'</ItemName>
      <ManufacturerName>תנובה</ManufacturerName>
      <ManufactureCountry>IL</ManufactureCountry>
      <ManufacturerItemDescription>חלב 3% בשקית</ManufacturerItemDescription>
      <UnitQty>ליטרים</UnitQty>
      <Quantity>1.00</Quantity>
      <bIsWeighted>0</bIsWeighted>
      <UnitOfMeasure>ליטר</UnitOfMeasure>
      <QtyInPackage>0</QtyInPackage>
      <ItemPrice>5.17</ItemPrice>
      <UnitOfMeasurePrice>5.17</UnitOfMeasurePrice>
      <AllowDiscount>1</AllowDiscount>
      <ItemStatus>1</ItemStatus>
    </Item>
    <Item>
      <PriceUpdateDate>2019-06-19 08:00</PriceUpdateDate>
      <ItemCode>7290000042015</ItemCode>
      <ItemType>1</ItemType>
      <ItemName>חלב 3% מהדרין שקית 1 ל'</ItemName>
      <ManufacturerName>---</ManufacturerName>
      <ManufactureCountry>IL</ManufactureCountry>
      <ManufacturerItemDescription>חלב 3% שקית</ManufacturerItemDescription>
      <UnitQty>ליטרים</UnitQty>
      <Quantity>1.00</Quantity>
      <bIsWeighted>0</bIsWeighted>
      <UnitOfMeasure>ליטר</UnitOfMeasure>
      <QtyInPackage>0</QtyInPackage>
      <ItemPrice>5.17</ItemPrice>
      <UnitOfMeasurePrice>5.17</UnitOfMeasurePrice>
      <AllowDiscount>1</AllowDiscount>
      <ItemStatus>1</ItemStatus>
    </Item>
    <Item>
      <PriceUpdateDate>2019-06-19 08:00</PriceUpdateDate>
      <ItemCode>7290000042435</ItemCode>
      <ItemType>1</ItemType>
      <ItemName>חלב מפוסטר 1% בקרטון 1 ל</ItemName>
      <ManufacturerName>תנובה</ManufacturerName>
      <ManufactureCountry>IL</ManufactureCountry>
      <ManufacturerItemDescription>חלב %1 בקרטון</ManufacturerItemDescription>
      <UnitQty>ליטרים</UnitQty>
      <Quantity>1.00</Quantity>
      <bIsWeighted>0</bIsWeighted>
      <UnitOfMeasure>ליטר</UnitOfMeasure>
      <QtyInPackage>0</QtyInPackage>
      <ItemPrice>5.59</ItemPrice>
      <UnitOfMeasurePrice>5.59</UnitOfMeasurePrice>
      <AllowDiscount>1</AllowDiscount>
      <ItemStatus>1</ItemStatus>
    </Item>
    <Item>
      <PriceUpdateDate>2019-06-19 08:00</PriceUpdateDate>
      <ItemCode>7290000042442</ItemCode>
      <ItemType>1</ItemType>
      <ItemName>חלב מפוסטר 3% בקרטון 1 ל</ItemName>
      <ManufacturerName>תנובה</ManufacturerName>
      <ManufactureCountry>IL</ManufactureCountry>
      <ManufacturerItemDescription>חלב תנובה 3%</ManufacturerItemDescription>
      <UnitQty>ליטרים</UnitQty>
      <Quantity>1.00</Quantity>
      <bIsWeighted>0</bIsWeighted>
      <UnitOfMeasure>ליטר</UnitOfMeasure>
      <QtyInPackage>0</QtyInPackage>
      <ItemPrice>5.94</ItemPrice>
      <UnitOfMeasurePrice>5.94</UnitOfMeasurePrice>
      <AllowDiscount>1</AllowDiscount>
      <ItemStatus>1</ItemStatus>
    </Item>
    <Item>
      <PriceUpdateDate>2018-09-12 14:25</PriceUpdateDate>
      <ItemCode>7290000042503</ItemCode>
      <ItemType>1</ItemType>
      <ItemName>חלב עמיד הומוגני 3% 1 ל'</ItemName>
      <ManufacturerName>תנובה</ManufacturerName>
      <ManufactureCountry>IL</ManufactureCountry>
      <ManufacturerItemDescription>חלב עמיד 3%</ManufacturerItemDescription>
      <UnitQty>ליטרים</UnitQty>
      <Quantity>1.00</Quantity>
      <bIsWeighted>0</bIsWeighted>
      <UnitOfMeasure>ליטר</UnitOfMeasure>
      <QtyInPackage>0</QtyInPackage>
      <ItemPrice>7.10</ItemPrice>
      <UnitOfMeasurePrice>7.10</UnitOfMeasurePrice>
      <AllowDiscount>1</AllowDiscount>
      <ItemStatus>1</ItemStatus>
    </Item>
    <Item>
      <PriceUpdateDate>2018-09-12 14:25</PriceUpdateDate>
      <ItemCode>7290000042640</ItemCode>
      <ItemType>1</ItemType>
      <ItemName>חלב עמיד 3% שומן 250 מ"ל</ItemName>
      <ManufacturerName>תנובה</ManufacturerName>
      <ManufactureCountry>IL</ManufactureCountry>
      <ManufacturerItemDescription>חלב עמיד 3% שומן</ManufacturerItemDescription>
      <UnitQty>מיליליטרים</UnitQty>
      <Quantity>250.00</Quantity>
      <bIsWeighted>0</bIsWeighted>
      <UnitOfMeasure>100 מ"ל</UnitOfMeasure>
      <QtyInPackage>0</QtyInPackage>
      <ItemPrice>2.70</ItemPrice>
      <UnitOfMeasurePrice>1.08</UnitOfMeasurePrice>
      <AllowDiscount>1</AllowDiscount>
      <ItemStatus>1</ItemStatus>
    </Item>
    <Item>
      <PriceUpdateDate>2013-12-22 10:38</PriceUpdateDate>
      <ItemCode>7290000042855</ItemCode>
      <ItemType>1</ItemType>
      <ItemName>שוקו בשקית יטבתה 225מ"ל</ItemName>
      <ManufacturerName>יטבתה</ManufacturerName>
      <ManufactureCountry>IL</ManufactureCountry>
      <ManufacturerItemDescription>שוקו בשקית</ManufacturerItemDescription>
      <UnitQty>מיליליטרים</UnitQty>
      <Quantity>225.00</Quantity>
      <bIsWeighted>0</bIsWeighted>
      <UnitOfMeasure>100 מ"ל</UnitOfMeasure>
      <QtyInPackage>0</QtyInPackage>
      <ItemPrice>2.60</ItemPrice>
      <UnitOfMeasurePrice>1.16</UnitOfMeasurePrice>
      <AllowDiscount>1</AllowDiscount>
      <ItemStatus>1</ItemStatus>
    </Item>
    <Item>
      <PriceUpdateDate>2019-06-19 08:00</PriceUpdateDate>
      <ItemCode>7290000043111</ItemCode>
      <ItemType>1</ItemType>
      <ItemName>חמאה 200 גרם</ItemName>
      <ManufacturerName>תנובה</ManufacturerName>
      <ManufactureCountry>IL</ManufactureCountry>
      <ManufacturerItemDescription>חמאה תנובה</ManufacturerItemDescription>
      <UnitQty>גרמים</UnitQty>
      <Quantity>200.00</Quantity>
      <bIsWeighted>0</bIsWeighted>
      <UnitOfMeasure>100 גרם</UnitOfMeasure>
      <QtyInPackage>0</QtyInPackage>
      <ItemPrice>7.88</ItemPrice>
      <UnitOfMeasurePrice>3.94</UnitOfMeasurePrice>
      <AllowDiscount>1</AllowDiscount>
      <ItemStatus>1</ItemStatus>
    </Item>
    <Item>
      <PriceUpdateDate>2019-06-19 08:00</PriceUpdateDate>
      <ItemCode>7290000043814</ItemCode>
      <ItemType>1</ItemType>
      <ItemName>שמנת עמידה לקצפת38% 250מ</ItemName>
      <ManufacturerName>תנובה</ManufacturerName>
      <ManufactureCountry>IL</ManufactureCountry>
      <ManufacturerItemDescription>שמנת עמידה לקצפת</ManufacturerItemDescription>
      <UnitQty>מיליליטרים</UnitQty>
      <Quantity>250.00</Quantity>
      <bIsWeighted>0</bIsWeighted>
      <UnitOfMeasure>100 מ"ל</UnitOfMeasure>
      <QtyInPackage>0</QtyInPackage>
      <ItemPrice>6.18</ItemPrice>
      <UnitOfMeasurePrice>2.47</UnitOfMeasurePrice>
      <AllowDiscount>1</AllowDiscount>
      <ItemStatus>1</ItemStatus>
    </Item>
    <Item>
      <PriceUpdateDate>2018-09-12 14:25</PriceUpdateDate>
      <ItemCode>7290000043890</ItemCode>
      <ItemType>1</ItemType>
      <ItemName>רויון 1.5% בקרטון 1ל</ItemName>
      <ManufacturerName>תנובה</ManufacturerName>
      <ManufactureCountry>IL</ManufactureCountry>
      <ManufacturerItemDescription>רויון בקרטון1.5%</ManufacturerItemDescription>
      <UnitQty>ליטרים</UnitQty>
      <Quantity>1.00</Quantity>
      <bIsWeighted>0</bIsWeighted>
      <UnitOfMeasure>ליטר</UnitOfMeasure>
      <QtyInPackage>0</QtyInPackage>
      <ItemPrice>11.30</ItemPrice>
      <UnitOfMeasurePrice>11.30</UnitOfMeasurePrice>
      <AllowDiscount>1</AllowDiscount>
      <ItemStatus>1</ItemStatus>
    </Item>
    <Item>
      <PriceUpdateDate>2018-09-12 14:25</PriceUpdateDate>
      <ItemCode>7290000043944</ItemCode>
      <ItemType>1</ItemType>
      <ItemName>יוגורט בכד 4% 1.5 ל'</ItemName>
      <ManufacturerName>מחלבת אלון תבור</ManufacturerName>
      <ManufactureCountry>IL</ManufactureCountry>
      <ManufacturerItemDescription>יוגורט בכד 4%</ManufacturerItemDescription>
      <UnitQty>ליטרים</UnitQty>
      <Quantity>1.50</Quantity>
      <bIsWeighted>0</bIsWeighted>
      <UnitOfMeasure>ליטר</UnitOfMeasure>
      <QtyInPackage>0</QtyInPackage>
      <ItemPrice>16.80</ItemPrice>
      <UnitOfMeasurePrice>11.20</UnitOfMeasurePrice>
      <AllowDiscount>1</AllowDiscount>
      <ItemStatus>1</ItemStatus>
    </Item>
    <Item>
      <PriceUpdateDate>2018-09-12 14:25</PriceUpdateDate>
      <ItemCode>7290000044248</ItemCode>
      <ItemType>1</ItemType>
      <ItemName>רויון בקרטון 1.5% 500 מל</ItemName>
      <ManufacturerName>תנובה</ManufacturerName>
      <ManufactureCountry>IL</ManufactureCountry>
      <ManufacturerItemDescription>רויון בקרטון</ManufacturerItemDescription>
      <UnitQty>מיליליטרים</UnitQty>
      <Quantity>500.00</Quantity>
      <bIsWeighted>0</bIsWeighted>
      <UnitOfMeasure>100 מ"ל</UnitOfMeasure>
      <QtyInPackage>0</QtyInPackage>
      <ItemPrice>6.60</ItemPrice>
      <UnitOfMeasurePrice>1.32</UnitOfMeasurePrice>
      <AllowDiscount>1</AllowDiscount>
      <ItemStatus>1</ItemStatus>
    </Item>
    <Item>
      <PriceUpdateDate>2018-09-12 14:25</PriceUpdateDate>
      <ItemCode>7290000044712</ItemCode>
      <ItemType>1</ItemType>
      <ItemName>פרילי+תות שדה1.5% 500ג</ItemName>
      <ManufacturerName>מחלבת אלון תבור</ManufacturerName>
      <ManufactureCountry>IL</ManufactureCountry>
      <ManufacturerItemDescription>פרילי תות-שדה</ManufacturerItemDescription>
      <UnitQty>גרמים</UnitQty>
      <Quantity>500.00</Quantity>
      <bIsWeighted>0</bIsWeighted>
      <UnitOfMeasure>100 גרם</UnitOfMeasure>
      <QtyInPackage>0</QtyInPackage>
      <ItemPrice>10.80</ItemPrice>
      <UnitOfMeasurePrice>2.16</UnitOfMeasurePrice>
      <AllowDiscount>1</AllowDiscount>
      <ItemStatus>1</ItemStatus>
    </Item>
    <Item>
      <PriceUpdateDate>2018-09-12 14:25</PriceUpdateDate>
      <ItemCode>7290000045573</ItemCode>
      <ItemType>1</ItemType>
      <ItemName>גבינת נעמה מותכת 25*8 גר</ItemName>
      <ManufacturerName>תנובה</ManufacturerName>
      <ManufactureCountry>IL</ManufactureCountry>
      <ManufacturerItemDescription>גבינת נעמה מותכת</ManufacturerItemDescription>
      <UnitQty>גרמים</UnitQty>
      <Quantity>200.00</Quantity>
      <bIsWeighted>0</bIsWeighted>
      <UnitOfMeasure>100 גרם</UnitOfMeasure>
      <QtyInPackage>0</QtyInPackage>
      <ItemPrice>16.20</ItemPrice>
      <UnitOfMeasurePrice>8.10</UnitOfMeasurePrice>
      <AllowDiscount>1</AllowDiscount>
      <ItemStatus>1</ItemStatus>
    </Item>
    <Item>
      <PriceUpdateDate>2018-09-12 14:25</PriceUpdateDate>
      <ItemCode>7290000045580</ItemCode>
      <ItemType>1</ItemType>
      <ItemName>גב.נעמה חורש מותכת 240ג</ItemName>
      <ManufacturerName>תנובה</ManufacturerName>
      <ManufactureCountry>IL</ManufactureCountry>
      <ManufacturerItemDescription>גבינת נעמה מותכת</ManufacturerItemDescription>
      <UnitQty>גרמים</UnitQty>
      <Quantity>240.00</Quantity>
      <bIsWeighted>0</bIsWeighted>
      <UnitOfMeasure>100 גרם</UnitOfMeasure>
      <QtyInPackage>0</QtyInPackage>
      <ItemPrice>18.70</ItemPrice>
      <UnitOfMeasurePrice>7.79</UnitOfMeasurePrice>
      <AllowDiscount>1</AllowDiscount>
      <ItemStatus>1</ItemStatus>
    </Item>
    <Item>
      <PriceUpdateDate>2018-09-12 14:25</PriceUpdateDate>
      <ItemCode>7290000047546</ItemCode>
      <ItemType>1</ItemType>
      <ItemName>גב.כנען 5% 500 גרם</ItemName>
      <ManufacturerName>תנובה</ManufacturerName>
      <ManufactureCountry>IL</ManufactureCountry>
      <ManufacturerItemDescription>גבינת כנען 5%</ManufacturerItemDescription>
      <UnitQty>גרמים</UnitQty>
      <Quantity>500.00</Quantity>
      <bIsWeighted>0</bIsWeighted>
      <UnitOfMeasure>100 גרם</UnitOfMeasure>
      <QtyInPackage>0</QtyInPackage>
      <ItemPrice>25.30</ItemPrice>
      <UnitOfMeasurePrice>5.06</UnitOfMeasurePrice>
      <AllowDiscount>1</AllowDiscount>
      <ItemStatus>1</ItemStatus>
    </Item>
    <Item>
      <PriceUpdateDate>2019-06-19 08:00</PriceUpdateDate>
      <ItemCode>7290000048185</ItemCode>
      <ItemType>1</ItemType>
      <ItemName>גב.לבנה רכה 5% שומן 250ג</ItemName>
      <ManufacturerName>מחלבת אלון תבור</ManufacturerName>
      <ManufactureCountry>IL</ManufactureCountry>
      <ManufacturerItemDescription>גבינה לבנה 5%</ManufacturerItemDescription>
      <UnitQty>גרמים</UnitQty>
      <Quantity>250.00</Quantity>
      <bIsWeighted>0</bIsWeighted>
      <UnitOfMeasure>100 גרם</UnitOfMeasure>
      <QtyInPackage>0</QtyInPackage>
      <ItemPrice>4.75</ItemPrice>
      <UnitOfMeasurePrice>1.90</UnitOfMeasurePrice>
      <AllowDiscount>1</AllowDiscount>
      <ItemStatus>1</ItemStatus>
    </Item>
    <Item>
      <PriceUpdateDate>2019-11-11 07:48</PriceUpdateDate>
      <ItemCode>7290000048192</ItemCode>
      <ItemType>1</ItemType>
      <ItemName>גב.לבנה רכה 9% 250 גרם</ItemName>
      <ManufacturerName>מחלבת אלון תבור</ManufacturerName>
      <ManufactureCountry>IL</ManufactureCountry>
      <ManufacturerItemDescription>גבינה לבנה 9%</ManufacturerItemDescription>
      <UnitQty>גרמים</UnitQty>
      <Quantity>250.00</Quantity>
      <bIsWeighted>0</bIsWeighted>
      <UnitOfMeasure>100 גרם</UnitOfMeasure>
      <QtyInPackage>0</QtyInPackage>
      <ItemPrice>4.80</ItemPrice>
      <UnitOfMeasurePrice>1.92</UnitOfMeasurePrice>
      <AllowDiscount>1</AllowDiscount>
      <ItemStatus>1</ItemStatus>
    </Item>
    <Item>
      <PriceUpdateDate>2016-02-29 07:57</PriceUpdateDate>
      <ItemCode>7290000048307</ItemCode>
      <ItemType>1</ItemType>
      <ItemName>קוטג' 5% עם זיתים 250 גר</ItemName>
      <ManufacturerName>מחלבת אלון תבור</ManufacturerName>
      <ManufactureCountry>IL</ManufactureCountry>
      <ManufacturerItemDescription>קוטג' עם זיתים5%</ManufacturerItemDescription>
      <UnitQty>גרמים</UnitQty>
      <Quantity>250.00</Quantity>
      <bIsWeighted>0</bIsWeighted>
      <UnitOfMeasure>100 גרם</UnitOfMeasure>
      <QtyInPackage>0</QtyInPackage>
      <ItemPrice>5.80</ItemPrice>
      <UnitOfMeasurePrice>2.32</UnitOfMeasurePrice>
      <AllowDiscount>1</AllowDiscount>
      <ItemStatus>1</ItemStatus>
    </Item>
    <Item>
      <PriceUpdateDate>2018-09-12 14:25</PriceUpdateDate>
      <ItemCode>7290000048413</ItemCode>
      <ItemType>1</ItemType>
      <ItemName>גב.חמד פיראוס16% 250 גר</ItemName>
      <ManufacturerName>תנובה</ManufacturerName>
      <ManufactureCountry>IL</ManufactureCountry>
      <ManufacturerItemDescription>גבינה מלוחה 16%</ManufacturerItemDescription>
      <UnitQty>גרמים</UnitQty>
      <Quantity>250.00</Quantity>
      <bIsWeighted>0</bIsWeighted>
      <UnitOfMeasure>100 גרם</UnitOfMeasure>
      <QtyInPackage>0</QtyInPackage>
      <ItemPrice>19.50</ItemPrice>
      <UnitOfMeasurePrice>7.80</UnitOfMeasurePrice>
      <AllowDiscount>1</AllowDiscount>
      <ItemStatus>1</ItemStatus>
    </Item>
    <Item>
      <PriceUpdateDate>2019-08-13 08:20</PriceUpdateDate>
      <ItemCode>7290000048437</ItemCode>
      <ItemType>1</ItemType>
      <ItemName>גבי. צפתית פיראוס5% 200ג</ItemName>
      <ManufacturerName>תנובה</ManufacturerName>
      <ManufactureCountry>IL</ManufactureCountry>
      <ManufacturerItemDescription>גבינה צפתית 5%</ManufacturerItemDescription>
      <UnitQty>גרמים</UnitQty>
      <Quantity>200.00</Quantity>
      <bIsWeighted>0</bIsWeighted>
      <UnitOfMeasure>100 גרם</UnitOfMeasure>
      <QtyInPackage>0</QtyInPackage>
      <ItemPrice>15.90</ItemPrice>
      <UnitOfMeasurePrice>7.95</UnitOfMeasurePrice>
      <AllowDiscount>1</AllowDiscount>
      <ItemStatus>1</ItemStatus>
    </Item>
    <Item>
      <PriceUpdateDate>2016-11-29 07:21</PriceUpdateDate>
      <ItemCode>7290000050447</ItemCode>
      <ItemType>1</ItemType>
      <ItemName>יופלה תות 500 גרם</ItemName>
      <ManufacturerName>תנובה בעמ</ManufacturerName>
      <ManufactureCountry>IL</ManufactureCountry>
      <ManufacturerItemDescription>יופלה תות</ManufacturerItemDescription>
      <UnitQty>גרמים</UnitQty>
      <Quantity>500.00</Quantity>
      <bIsWeighted>0</bIsWeighted>
      <UnitOfMeasure>100 גרם</UnitOfMeasure>
      <QtyInPackage>0</QtyInPackage>
      <ItemPrice>13.80</ItemPrice>
      <UnitOfMeasurePrice>2.76</UnitOfMeasurePrice>
      <AllowDiscount>1</AllowDiscount>
      <ItemStatus>1</ItemStatus>
    </Item>
    <Item>
      <PriceUpdateDate>2018-09-12 14:25</PriceUpdateDate>
      <ItemCode>7290000051307</ItemCode>
      <ItemType>1</ItemType>
      <ItemName>מארז הפסקת אוכל עוגי</ItemName>
      <ManufacturerName>תנובה</ManufacturerName>
      <ManufactureCountry>IL</ManufactureCountry>
      <ManufacturerItemDescription>מארז הפסקת אוכל</ManufacturerItemDescription>
      <UnitQty>יחידה</UnitQty>
      <Quantity>1.00</Quantity>
      <bIsWeighted>0</bIsWeighted>
      <UnitOfMeasure>יחידה</UnitOfMeasure>
      <QtyInPackage>0</QtyInPackage>
      <ItemPrice>9.90</ItemPrice>
      <UnitOfMeasurePrice>9.90</UnitOfMeasurePrice>
      <AllowDiscount>1</AllowDiscount>
      <ItemStatus>1</ItemStatus>
    </Item>
    <Item>
      <PriceUpdateDate>2013-12-22 10:38</PriceUpdateDate>
      <ItemCode>7290000051376</ItemCode>
      <ItemType>1</ItemType>
      <ItemName>יופלה דיאט אננס 0% 150גר</ItemName>
      <ManufacturerName>תנובה בעמ</ManufacturerName>
      <ManufactureCountry>IL</ManufactureCountry>
      <ManufacturerItemDescription>יופלה דיאט אננס</ManufacturerItemDescription>
      <UnitQty>גרמים</UnitQty>
      <Quantity>150.00</Quantity>
      <bIsWeighted>0</bIsWeighted>
      <UnitOfMeasure>100 גרם</UnitOfMeasure>
      <QtyInPackage>0</QtyInPackage>
      <ItemPrice>5.20</ItemPrice>
      <UnitOfMeasurePrice>3.47</UnitOfMeasurePrice>
      <AllowDiscount>1</AllowDiscount>
      <ItemStatus>1</ItemStatus>
    </Item>
    <Item>
      <PriceUpdateDate>2016-11-29 07:21</PriceUpdateDate>
      <ItemCode>7290000052250</ItemCode>
      <ItemType>1</ItemType>
      <ItemName>יופלהYYYפירות יער3% 500ג</ItemName>
      <ManufacturerName>תנובה בעמ</ManufacturerName>
      <ManufactureCountry>IL</ManufactureCountry>
      <ManufacturerItemDescription>יופלה YYY פ.יער</ManufacturerItemDescription>
      <UnitQty>גרמים</UnitQty>
      <Quantity>500.00</Quantity>
      <bIsWeighted>0</bIsWeighted>
      <UnitOfMeasure>100 גרם</UnitOfMeasure>
      <QtyInPackage>0</QtyInPackage>
      <ItemPrice>13.80</ItemPrice>
      <UnitOfMeasurePrice>2.76</UnitOfMeasurePrice>
      <AllowDiscount>1</AllowDiscount>
      <ItemStatus>1</ItemStatus>
    </Item>
    <Item>
      <PriceUpdateDate>2018-09-12 14:25</PriceUpdateDate>
      <ItemCode>7290000052311</ItemCode>
      <ItemType>1</ItemType>
      <ItemName>עמק 15% פרוס בקופסא 200ג</ItemName>
      <ManufacturerName>תנובה</ManufacturerName>
      <ManufactureCountry>IL</ManufactureCountry>
      <ManufacturerItemDescription>עמק 15% פרוס</ManufacturerItemDescription>
      <UnitQty>גרמים</UnitQty>
      <Quantity>200.00</Quantity>
      <bIsWeighted>0</bIsWeighted>
      <UnitOfMeasure>100 גרם</UnitOfMeasure>
      <QtyInPackage>0</QtyInPackage>
      <ItemPrice>16.40</ItemPrice>
      <UnitOfMeasurePrice>8.20</UnitOfMeasurePrice>
      <AllowDiscount>1</AllowDiscount>
      <ItemStatus>1</ItemStatus>
    </Item>
    <Item>
      <PriceUpdateDate>2016-02-29 07:57</PriceUpdateDate>
      <ItemCode>7290000052717</ItemCode>
      <ItemType>1</ItemType>
      <ItemName>קוטג' +שום שמיר</ItemName>
      <ManufacturerName />
      <ManufactureCountry>IL</ManufactureCountry>
      <ManufacturerItemDescription>קוטג' +שום שמיר</ManufacturerItemDescription>
      <UnitQty>גרמים</UnitQty>
      <Quantity>250.00</Quantity>
      <bIsWeighted>0</bIsWeighted>
      <UnitOfMeasure>100 גרם</UnitOfMeasure>
      <QtyInPackage>0</QtyInPackage>
      <ItemPrice>5.80</ItemPrice>
      <UnitOfMeasurePrice>2.32</UnitOfMeasurePrice>
      <AllowDiscount>1</AllowDiscount>
      <ItemStatus>1</ItemStatus>
    </Item>
    <Item>
      <PriceUpdateDate>2018-09-12 14:25</PriceUpdateDate>
      <ItemCode>7290000055329</ItemCode>
      <ItemType>1</ItemType>
      <ItemName>משקה יוגורט תות-מלון250ג</ItemName>
      <ManufacturerName>תנובה בעמ</ManufacturerName>
      <ManufactureCountry>IL</ManufactureCountry>
      <ManufacturerItemDescription>משקה יוגורט</ManufacturerItemDescription>
      <UnitQty>גרמים</UnitQty>
      <Quantity>250.00</Quantity>
      <bIsWeighted>0</bIsWeighted>
      <UnitOfMeasure>100 גרם</UnitOfMeasure>
      <QtyInPackage>0</QtyInPackage>
      <ItemPrice>6.00</ItemPrice>
      <UnitOfMeasurePrice>2.40</UnitOfMeasurePrice>
      <AllowDiscount>1</AllowDiscount>
      <ItemStatus>1</ItemStatus>
    </Item>
    <Item>
      <PriceUpdateDate>2018-09-12 14:25</PriceUpdateDate>
      <ItemCode>7290000055336</ItemCode>
      <ItemType>1</ItemType>
      <ItemName>משקה יוגורט בננ.אפרסק250</ItemName>
      <ManufacturerName>תנובה בעמ</ManufacturerName>
      <ManufactureCountry>IL</ManufactureCountry>
      <ManufacturerItemDescription>משקה יוגורט</ManufacturerItemDescription>
      <UnitQty>גרמים</UnitQty>
      <Quantity>250.00</Quantity>
      <bIsWeighted>0</bIsWeighted>
      <UnitOfMeasure>100 גרם</UnitOfMeasure>
      <QtyInPackage>0</QtyInPackage>
      <ItemPrice>6.00</ItemPrice>
      <UnitOfMeasurePrice>2.40</UnitOfMeasurePrice>
      <AllowDiscount>1</AllowDiscount>
      <ItemStatus>1</ItemStatus>
    </Item>
    <Item>
      <PriceUpdateDate>2018-09-12 14:25</PriceUpdateDate>
      <ItemCode>7290000055343</ItemCode>
      <ItemType>1</ItemType>
      <ItemName>משקה יוגורט טרופי 250גרם</ItemName>
      <ManufacturerName>תנובה בעמ</ManufacturerName>
      <ManufactureCountry>IL</ManufactureCountry>
      <ManufacturerItemDescription>משקה יוגורט</ManufacturerItemDescription>
      <UnitQty>גרמים</UnitQty>
      <Quantity>250.00</Quantity>
      <bIsWeighted>0</bIsWeighted>
      <UnitOfMeasure>100 גרם</UnitOfMeasure>
      <QtyInPackage>0</QtyInPackage>
      <ItemPrice>6.00</ItemPrice>
      <UnitOfMeasurePrice>2.40</UnitOfMeasurePrice>
      <AllowDiscount>1</AllowDiscount>
      <ItemStatus>1</ItemStatus>
    </Item>
    <Item>
      <PriceUpdateDate>2019-06-19 08:00</PriceUpdateDate>
      <ItemCode>7290000056845</ItemCode>
      <ItemType>1</ItemType>
      <ItemName>חלב טרי הומוגני3% 1.5ל'</ItemName>
      <ManufacturerName>תנובה</ManufacturerName>
      <ManufactureCountry>IL</ManufactureCountry>
      <ManufacturerItemDescription>חלב תנובה 3%</ManufacturerItemDescription>
      <UnitQty>ליטרים</UnitQty>
      <Quantity>1.50</Quantity>
      <bIsWeighted>0</bIsWeighted>
      <UnitOfMeasure>ליטר</UnitOfMeasure>
      <QtyInPackage>0</QtyInPackage>
      <ItemPrice>8.91</ItemPrice>
      <UnitOfMeasurePrice>5.94</UnitOfMeasurePrice>
      <AllowDiscount>1</AllowDiscount>
      <ItemStatus>1</ItemStatus>
    </Item>
    <Item>
      <PriceUpdateDate>2018-09-12 14:25</PriceUpdateDate>
      <ItemCode>7290000057088</ItemCode>
      <ItemType>1</ItemType>
      <ItemName>גב.עמק דקדק 28% 200 גרם</ItemName>
      <ManufacturerName>תנובה</ManufacturerName>
      <ManufactureCountry>IL</ManufactureCountry>
      <ManufacturerItemDescription>גבינת עמק דק 28%</ManufacturerItemDescription>
      <UnitQty>גרמים</UnitQty>
      <Quantity>200.00</Quantity>
      <bIsWeighted>0</bIsWeighted>
      <UnitOfMeasure>100 גרם</UnitOfMeasure>
      <QtyInPackage>0</QtyInPackage>
      <ItemPrice>16.40</ItemPrice>
      <UnitOfMeasurePrice>8.20</UnitOfMeasurePrice>
      <AllowDiscount>1</AllowDiscount>
      <ItemStatus>1</ItemStatus>
    </Item>
    <Item>
      <PriceUpdateDate>2018-09-12 14:25</PriceUpdateDate>
      <ItemCode>7290000057118</ItemCode>
      <ItemType>1</ItemType>
      <ItemName>גבינת עמק פרוסה</ItemName>
      <ManufacturerName />
      <ManufactureCountry>IL</ManufactureCountry>
      <ManufacturerItemDescription>גבינת עמק פרוסה</ManufacturerItemDescription>
      <UnitQty>גרמים</UnitQty>
      <Quantity>400.00</Quantity>
      <bIsWeighted>0</bIsWeighted>
      <UnitOfMeasure>100 גרם</UnitOfMeasure>
      <QtyInPackage>0</QtyInPackage>
      <ItemPrice>23.10</ItemPrice>
      <UnitOfMeasurePrice>5.78</UnitOfMeasurePrice>
      <AllowDiscount>1</AllowDiscount>
      <ItemStatus>1</ItemStatus>
    </Item>
    <Item>
      <PriceUpdateDate>2018-09-12 14:25</PriceUpdateDate>
      <ItemCode>7290000057132</ItemCode>
      <ItemType>1</ItemType>
      <ItemName>יוגורט תנובה1.5%</ItemName>
      <ManufacturerName />
      <ManufactureCountry>IL</ManufactureCountry>
      <ManufacturerItemDescription>יוגורט תנובה1.5%</ManufacturerItemDescription>
      <UnitQty>גרמים</UnitQty>
      <Quantity>200.00</Quantity>
      <bIsWeighted>0</bIsWeighted>
      <UnitOfMeasure>100 גרם</UnitOfMeasure>
      <QtyInPackage>0</QtyInPackage>
      <ItemPrice>3.20</ItemPrice>
      <UnitOfMeasurePrice>1.60</UnitOfMeasurePrice>
      <AllowDiscount>1</AllowDiscount>
      <ItemStatus>1</ItemStatus>
    </Item>
    <Item>
      <PriceUpdateDate>2018-09-12 14:25</PriceUpdateDate>
      <ItemCode>7290000057149</ItemCode>
      <ItemType>1</ItemType>
      <ItemName>יוגורט תנובה 3% 200 גרם</ItemName>
      <ManufacturerName>מחלבת אלון תבור</ManufacturerName>
      <ManufactureCountry>IL</ManufactureCountry>
      <ManufacturerItemDescription>יוגורט תנובה 3%</ManufacturerItemDescription>
      <UnitQty>גרמים</UnitQty>
      <Quantity>200.00</Quantity>
      <bIsWeighted>0</bIsWeighted>
      <UnitOfMeasure>100 גרם</UnitOfMeasure>
      <QtyInPackage>0</QtyInPackage>
      <ItemPrice>3.20</ItemPrice>
      <UnitOfMeasurePrice>1.60</UnitOfMeasurePrice>
      <AllowDiscount>1</AllowDiscount>
      <ItemStatus>1</ItemStatus>
    </Item>
    <Item>
      <PriceUpdateDate>2013-12-22 10:38</PriceUpdateDate>
      <ItemCode>7290000057552</ItemCode>
      <ItemType>1</ItemType>
      <ItemName>יופלה עוגת גבינה</ItemName>
      <ManufacturerName />
      <ManufactureCountry>IL</ManufactureCountry>
      <ManufacturerItemDescription>יופלה עוגת גבינה</ManufacturerItemDescription>
      <UnitQty>גרמים</UnitQty>
      <Quantity>150.00</Quantity>
      <bIsWeighted>0</bIsWeighted>
      <UnitOfMeasure>100 גרם</UnitOfMeasure>
      <QtyInPackage>0</QtyInPackage>
      <ItemPrice>5.20</ItemPrice>
      <UnitOfMeasurePrice>3.47</UnitOfMeasurePrice>
      <AllowDiscount>1</AllowDiscount>
      <ItemStatus>1</ItemStatus>
    </Item>
    <Item>
      <PriceUpdateDate>2017-02-07 07:16</PriceUpdateDate>
      <ItemCode>7290000060088</ItemCode>
      <ItemType>1</ItemType>
      <ItemName>בייגלה מקלות מלוחים400גר</ItemName>
      <ManufacturerName>אסם השקעות בע"\מ</ManufacturerName>
      <ManufactureCountry>IL</ManufactureCountry>
      <ManufacturerItemDescription>בייגלה מקלות</ManufacturerItemDescription>
      <UnitQty>גרמים</UnitQty>
      <Quantity>400.00</Quantity>
      <bIsWeighted>0</bIsWeighted>
      <UnitOfMeasure>100 גרם</UnitOfMeasure>
      <QtyInPackage>0</QtyInPackage>
      <ItemPrice>11.90</ItemPrice>
      <UnitOfMeasurePrice>2.98</UnitOfMeasurePrice>
      <AllowDiscount>1</AllowDiscount>
      <ItemStatus>1</ItemStatus>
    </Item>
    <Item>
      <PriceUpdateDate>2015-11-17 07:51</PriceUpdateDate>
      <ItemCode>7290000060163</ItemCode>
      <ItemType>1</ItemType>
      <ItemName>אטריות דקות 400 גרם</ItemName>
      <ManufacturerName>אסם השקעות בע"מ</ManufacturerName>
      <ManufactureCountry>IL</ManufactureCountry>
      <ManufacturerItemDescription>אטריות דקות</ManufacturerItemDescription>
      <UnitQty>גרמים</UnitQty>
      <Quantity>400.00</Quantity>
      <bIsWeighted>0</bIsWeighted>
      <UnitOfMeasure>100 גרם</UnitOfMeasure>
      <QtyInPackage>0</QtyInPackage>
      <ItemPrice>7.50</ItemPrice>
      <UnitOfMeasurePrice>1.88</UnitOfMeasurePrice>
      <AllowDiscount>1</AllowDiscount>
      <ItemStatus>1</ItemStatus>
    </Item>
    <Item>
      <PriceUpdateDate>2015-11-10 07:50</PriceUpdateDate>
      <ItemCode>7290000060200</ItemCode>
      <ItemType>1</ItemType>
      <ItemName>פתיתים אפויים קוסקוס500ג</ItemName>
      <ManufacturerName>אסם השקעות בע"מ</ManufacturerName>
      <ManufactureCountry>IL</ManufactureCountry>
      <ManufacturerItemDescription>פתיתים אפויים</ManufacturerItemDescription>
      <UnitQty>גרמים</UnitQty>
      <Quantity>500.00</Quantity>
      <bIsWeighted>0</bIsWeighted>
      <UnitOfMeasure>100 גרם</UnitOfMeasure>
      <QtyInPackage>0</QtyInPackage>
      <ItemPrice>7.80</ItemPrice>
      <UnitOfMeasurePrice>1.56</UnitOfMeasurePrice>
      <AllowDiscount>1</AllowDiscount>
      <ItemStatus>1</ItemStatus>
    </Item>
    <Item>
      <PriceUpdateDate>2018-02-21 10:09</PriceUpdateDate>
      <ItemCode>7290000060248</ItemCode>
      <ItemType>1</ItemType>
      <ItemName>פסטה אסם תלתלים 500 גרם</ItemName>
      <ManufacturerName>פסטה זארה</ManufacturerName>
      <ManufactureCountry>IT</ManufactureCountry>
      <ManufacturerItemDescription>פסטה תלתלים</ManufacturerItemDescription>
      <UnitQty>גרמים</UnitQty>
      <Quantity>500.00</Quantity>
      <bIsWeighted>0</bIsWeighted>
      <UnitOfMeasure>100 גרם</UnitOfMeasure>
      <QtyInPackage>0</QtyInPackage>
      <ItemPrice>6.50</ItemPrice>
      <UnitOfMeasurePrice>1.30</UnitOfMeasurePrice>
      <AllowDiscount>1</AllowDiscount>
      <ItemStatus>1</ItemStatus>
    </Item>
    <Item>
      <PriceUpdateDate>2018-02-21 10:09</PriceUpdateDate>
      <ItemCode>7290000060781</ItemCode>
      <ItemType>1</ItemType>
      <ItemName>פסטה מסולסלת אסם 500 גרם</ItemName>
      <ManufacturerName>פסטה זארה</ManufacturerName>
      <ManufactureCountry>IT</ManufactureCountry>
      <ManufacturerItemDescription>פסטה מסולסלת</ManufacturerItemDescription>
      <UnitQty>גרמים</UnitQty>
      <Quantity>500.00</Quantity>
      <bIsWeighted>0</bIsWeighted>
      <UnitOfMeasure>100 גרם</UnitOfMeasure>
      <QtyInPackage>0</QtyInPackage>
      <ItemPrice>6.50</ItemPrice>
      <UnitOfMeasurePrice>1.30</UnitOfMeasurePrice>
      <AllowDiscount>1</AllowDiscount>
      <ItemStatus>1</ItemStatus>
    </Item>
    <Item>
      <PriceUpdateDate>2016-01-18 07:14</PriceUpdateDate>
      <ItemCode>7290000060811</ItemCode>
      <ItemType>1</ItemType>
      <ItemName>אקסטרים מטבע ענק 120ג</ItemName>
      <ManufacturerName>גלידות נסטלה</ManufacturerName>
      <ManufactureCountry>IL</ManufactureCountry>
      <ManufacturerItemDescription>אקסטרים מטבע ענק</ManufacturerItemDescription>
      <UnitQty>גרמים</UnitQty>
      <Quantity>120.00</Quantity>
      <bIsWeighted>0</bIsWeighted>
      <UnitOfMeasure>100 גרם</UnitOfMeasure>
      <QtyInPackage>0</QtyInPackage>
      <ItemPrice>10.00</ItemPrice>
      <UnitOfMeasurePrice>8.33</UnitOfMeasurePrice>
      <AllowDiscount>1</AllowDiscount>
      <ItemStatus>1</ItemStatus>
    </Item>
    <Item>
      <PriceUpdateDate>2018-02-21 10:09</PriceUpdateDate>
      <ItemCode>7290000060828</ItemCode>
      <ItemType>1</ItemType>
      <ItemName>פסטה קרניים בינוניות500ג</ItemName>
      <ManufacturerName>פסטה זארה</ManufacturerName>
      <ManufactureCountry>IT</ManufactureCountry>
      <ManufacturerItemDescription>פסטה קרניים</ManufacturerItemDescription>
      <UnitQty>גרמים</UnitQty>
      <Quantity>500.00</Quantity>
      <bIsWeighted>0</bIsWeighted>
      <UnitOfMeasure>100 גרם</UnitOfMeasure>
      <QtyInPackage>0</QtyInPackage>
      <ItemPrice>6.50</ItemPrice>
      <UnitOfMeasurePrice>1.30</UnitOfMeasurePrice>
      <AllowDiscount>1</AllowDiscount>
      <ItemStatus>1</ItemStatus>
    </Item>
    <Item>
      <PriceUpdateDate>2018-02-21 10:09</PriceUpdateDate>
      <ItemCode>7290000060859</ItemCode>
      <ItemType>1</ItemType>
      <ItemName>פסטה צדפים אסם 500 גרם</ItemName>
      <ManufacturerName>פסטה זארה</ManufacturerName>
      <ManufactureCountry>IT</ManufactureCountry>
      <ManufacturerItemDescription>פסטה צדפים</ManufacturerItemDescription>
      <UnitQty>גרמים</UnitQty>
      <Quantity>500.00</Quantity>
      <bIsWeighted>0</bIsWeighted>
      <UnitOfMeasure>100 גרם</UnitOfMeasure>
      <QtyInPackage>0</QtyInPackage>
      <ItemPrice>6.50</ItemPrice>
      <UnitOfMeasurePrice>1.30</UnitOfMeasurePrice>
      <AllowDiscount>1</AllowDiscount>
      <ItemStatus>1</ItemStatus>
    </Item>
    <Item>
      <PriceUpdateDate>2018-02-21 10:09</PriceUpdateDate>
      <ItemCode>7290000060880</ItemCode>
      <ItemType>1</ItemType>
      <ItemName>פסטה ספגטי מס 8 אסם 500ג</ItemName>
      <ManufacturerName>פסטה זארה</ManufacturerName>
      <ManufactureCountry>IT</ManufactureCountry>
      <ManufacturerItemDescription>ספגטי מס' 8</ManufacturerItemDescription>
      <UnitQty>גרמים</UnitQty>
      <Quantity>500.00</Quantity>
      <bIsWeighted>0</bIsWeighted>
      <UnitOfMeasure>100 גרם</UnitOfMeasure>
      <QtyInPackage>0</QtyInPackage>
      <ItemPrice>6.50</ItemPrice>
      <UnitOfMeasurePrice>1.30</UnitOfMeasurePrice>
      <AllowDiscount>1</AllowDiscount>
      <ItemStatus>1</ItemStatus>
    </Item>
    <Item>
      <PriceUpdateDate>2015-11-10 07:50</PriceUpdateDate>
      <ItemCode>7290000060903</ItemCode>
      <ItemType>1</ItemType>
      <ItemName>פתיתים אפויים אורז 500 ג</ItemName>
      <ManufacturerName>אסם השקעות בע"\מ</ManufacturerName>
      <ManufactureCountry>IL</ManufactureCountry>
      <ManufacturerItemDescription>פתיתים אפויים</ManufacturerItemDescription>
      <UnitQty>גרמים</UnitQty>
      <Quantity>500.00</Quantity>
      <bIsWeighted>0</bIsWeighted>
      <UnitOfMeasure>100 גרם</UnitOfMeasure>
      <QtyInPackage>0</QtyInPackage>
      <ItemPrice>7.80</ItemPrice>
      <UnitOfMeasurePrice>1.56</UnitOfMeasurePrice>
      <AllowDiscount>1</AllowDiscount>
      <ItemStatus>1</ItemStatus>
    </Item>
    <Item>
      <PriceUpdateDate>2015-09-30 08:09</PriceUpdateDate>
      <ItemCode>7290000061061</ItemCode>
      <ItemType>1</ItemType>
      <ItemName>קרקר בטעם בצל 250 גרם</ItemName>
      <ManufacturerName>אסם השקעות בע"\מ</ManufacturerName>
      <ManufactureCountry>IL</ManufactureCountry>
      <ManufacturerItemDescription>קרקר בטעם בצל</ManufacturerItemDescription>
      <UnitQty>גרמים</UnitQty>
      <Quantity>250.00</Quantity>
      <bIsWeighted>0</bIsWeighted>
      <UnitOfMeasure>100 גרם</UnitOfMeasure>
      <QtyInPackage>0</QtyInPackage>
      <ItemPrice>11.60</ItemPrice>
      <UnitOfMeasurePrice>4.64</UnitOfMeasurePrice>
      <AllowDiscount>1</AllowDiscount>
      <ItemStatus>1</ItemStatus>
    </Item>
    <Item>
      <PriceUpdateDate>2017-04-18 06:40</PriceUpdateDate>
      <ItemCode>7290000061085</ItemCode>
      <ItemType>1</ItemType>
      <ItemName>רוטב צ'ילי מתוק 290 מ"ל</ItemName>
      <ManufacturerName>אסם השקעות בע"\מ</ManufacturerName>
      <ManufactureCountry>IL</ManufactureCountry>
      <ManufacturerItemDescription>רוטב צ'ילי אסם</ManufacturerItemDescription>
      <UnitQty>מיליליטרים</UnitQty>
      <Quantity>290.00</Quantity>
      <bIsWeighted>0</bIsWeighted>
      <UnitOfMeasure>100 מ"ל</UnitOfMeasure>
      <QtyInPackage>0</QtyInPackage>
      <ItemPrice>11.90</ItemPrice>
      <UnitOfMeasurePrice>4.10</UnitOfMeasurePrice>
      <AllowDiscount>1</AllowDiscount>
      <ItemStatus>1</ItemStatus>
    </Item>
    <Item>
      <PriceUpdateDate>2020-10-10 18:30</PriceUpdateDate>
      <ItemCode>7290000061283</ItemCode>
      <ItemType>1</ItemType>
      <ItemName>שקדי מרק 400 גרם25%+חינם</ItemName>
      <ManufacturerName>אסם השקעות בע"\מ</ManufacturerName>
      <ManufactureCountry>IL</ManufactureCountry>
      <ManufacturerItemDescription>שקדי מרק</ManufacturerItemDescription>
      <UnitQty>גרמים</UnitQty>
      <Quantity>500.00</Quantity>
      <bIsWeighted>0</bIsWeighted>
      <UnitOfMeasure>100 גרם</UnitOfMeasure>
      <QtyInPackage>0</QtyInPackage>
      <ItemPrice>10.90</ItemPrice>
      <UnitOfMeasurePrice>2.18</UnitOfMeasurePrice>
      <AllowDiscount>1</AllowDiscount>
      <ItemStatus>1</ItemStatus>
    </Item>
    <Item>
      <PriceUpdateDate>2017-06-13 12:01</PriceUpdateDate>
      <ItemCode>7290000061764</ItemCode>
      <ItemType>1</ItemType>
      <ItemName>נסקפה רד מאג 200 גרם</ItemName>
      <ManufacturerName>נסטלה</ManufacturerName>
      <ManufactureCountry>ES</ManufactureCountry>
      <ManufacturerItemDescription>נסקפה רד מאג</ManufacturerItemDescription>
      <UnitQty>גרמים</UnitQty>
      <Quantity>200.00</Quantity>
      <bIsWeighted>0</bIsWeighted>
      <UnitOfMeasure>100 גרם</UnitOfMeasure>
      <QtyInPackage>0</QtyInPackage>
      <ItemPrice>23.90</ItemPrice>
      <UnitOfMeasurePrice>11.95</UnitOfMeasurePrice>
      <AllowDiscount>1</AllowDiscount>
      <ItemStatus>1</ItemStatus>
    </Item>
    <Item>
      <PriceUpdateDate>2013-12-10 06:26</PriceUpdateDate>
      <ItemCode>7290000063102</ItemCode>
      <ItemType>1</ItemType>
      <ItemName>קמח תופח מאליו 350 גרם</ItemName>
      <ManufacturerName>אסם השקעות בע"\מ</ManufacturerName>
      <ManufactureCountry>IL</ManufactureCountry>
      <ManufacturerItemDescription>קמח תופח מאליו</ManufacturerItemDescription>
      <UnitQty>גרמים</UnitQty>
      <Quantity>350.00</Quantity>
      <bIsWeighted>0</bIsWeighted>
      <UnitOfMeasure>100 גרם</UnitOfMeasure>
      <QtyInPackage>0</QtyInPackage>
      <ItemPrice>5.80</ItemPrice>
      <UnitOfMeasurePrice>1.66</UnitOfMeasurePrice>
      <AllowDiscount>1</AllowDiscount>
      <ItemStatus>1</ItemStatus>
    </Item>
    <Item>
      <PriceUpdateDate>2020-10-10 18:30</PriceUpdateDate>
      <ItemCode>7290000063140</ItemCode>
      <ItemType>1</ItemType>
      <ItemName>שקדי מרק רכיבים טבעי400ג</ItemName>
      <ManufacturerName>אסם השקעות בע"מ</ManufacturerName>
      <ManufactureCountry>IL</ManufactureCountry>
      <ManufacturerItemDescription>שקדי מרק אסם</ManufacturerItemDescription>
      <UnitQty>גרמים</UnitQty>
      <Quantity>400.00</Quantity>
      <bIsWeighted>0</bIsWeighted>
      <UnitOfMeasure>100 גרם</UnitOfMeasure>
      <QtyInPackage>0</QtyInPackage>
      <ItemPrice>10.90</ItemPrice>
      <UnitOfMeasurePrice>2.73</UnitOfMeasurePrice>
      <AllowDiscount>1</AllowDiscount>
      <ItemStatus>1</ItemStatus>
    </Item>
    <Item>
      <PriceUpdateDate>2016-02-02 06:49</PriceUpdateDate>
      <ItemCode>7290000063157</ItemCode>
      <ItemType>1</ItemType>
      <ItemName>קמח תופח מאליו 1 ק"ג</ItemName>
      <ManufacturerName>אסם השקעות בע"\מ</ManufacturerName>
      <ManufactureCountry>IL</ManufactureCountry>
      <ManufacturerItemDescription>קמח תופח מאליו</ManufacturerItemDescription>
      <UnitQty>קילוגרמים</UnitQty>
      <Quantity>1.00</Quantity>
      <bIsWeighted>0</bIsWeighted>
      <UnitOfMeasure>ק"ג</UnitOfMeasure>
      <QtyInPackage>0</QtyInPackage>
      <ItemPrice>10.30</ItemPrice>
      <UnitOfMeasurePrice>10.30</UnitOfMeasurePrice>
      <AllowDiscount>1</AllowDiscount>
      <ItemStatus>1</ItemStatus>
    </Item>
    <Item>
      <PriceUpdateDate>2016-01-05 06:48</PriceUpdateDate>
      <ItemCode>7290000064758</ItemCode>
      <ItemType>1</ItemType>
      <ItemName>קוסקוס בינוני 350 גרם</ItemName>
      <ManufacturerName>קוסקוס מזון</ManufacturerName>
      <ManufactureCountry>IL</ManufactureCountry>
      <ManufacturerItemDescription>קוסקוס בינוני</ManufacturerItemDescription>
      <UnitQty>גרמים</UnitQty>
      <Quantity>350.00</Quantity>
      <bIsWeighted>0</bIsWeighted>
      <UnitOfMeasure>100 גרם</UnitOfMeasure>
      <QtyInPackage>0</QtyInPackage>
      <ItemPrice>8.80</ItemPrice>
      <UnitOfMeasurePrice>2.51</UnitOfMeasurePrice>
      <AllowDiscount>1</AllowDiscount>
      <ItemStatus>1</ItemStatus>
    </Item>
    <Item>
      <PriceUpdateDate>2017-07-04 09:43</PriceUpdateDate>
      <ItemCode>7290000065335</ItemCode>
      <ItemType>1</ItemType>
      <ItemName>מנה חמה פירה עם ירקות55ג</ItemName>
      <ManufacturerName>אסם השקעות בע"מ</ManufacturerName>
      <ManufactureCountry>IL</ManufactureCountry>
      <ManufacturerItemDescription>מנה חמה פירה</ManufacturerItemDescription>
      <UnitQty>גרמים</UnitQty>
      <Quantity>55.00</Quantity>
      <bIsWeighted>0</bIsWeighted>
      <UnitOfMeasure>100 גרם</UnitOfMeasure>
      <QtyInPackage>0</QtyInPackage>
      <ItemPrice>6.90</ItemPrice>
      <UnitOfMeasurePrice>12.55</UnitOfMeasurePrice>
      <AllowDiscount>1</AllowDiscount>
      <ItemStatus>1</ItemStatus>
    </Item>
    <Item>
      <PriceUpdateDate>2017-07-04 09:43</PriceUpdateDate>
      <ItemCode>7290000065557</ItemCode>
      <ItemType>1</ItemType>
      <ItemName>מ.חמה קוסקוס עם ירקות 84</ItemName>
      <ManufacturerName>אסם השקעות בע"מ</ManufacturerName>
      <ManufactureCountry>IL</ManufactureCountry>
      <ManufacturerItemDescription>מנה חמה קוסקוס</ManufacturerItemDescription>
      <UnitQty>גרמים</UnitQty>
      <Quantity>84.00</Quantity>
      <bIsWeighted>0</bIsWeighted>
      <UnitOfMeasure>100 גרם</UnitOfMeasure>
      <QtyInPackage>0</QtyInPackage>
      <ItemPrice>6.90</ItemPrice>
      <UnitOfMeasurePrice>8.21</UnitOfMeasurePrice>
      <AllowDiscount>1</AllowDiscount>
      <ItemStatus>1</ItemStatus>
    </Item>
    <Item>
      <PriceUpdateDate>2014-07-21 07:19</PriceUpdateDate>
      <ItemCode>7290000066134</ItemCode>
      <ItemType>1</ItemType>
      <ItemName>ביסלי פלאפל 70 גרם</ItemName>
      <ManufacturerName>אסם השקעות בע"\מ</ManufacturerName>
      <ManufactureCountry>IL</ManufactureCountry>
      <ManufacturerItemDescription>ביסלי פלאפל</ManufacturerItemDescription>
      <UnitQty>גרמים</UnitQty>
      <Quantity>70.00</Quantity>
      <bIsWeighted>0</bIsWeighted>
      <UnitOfMeasure>100 גרם</UnitOfMeasure>
      <QtyInPackage>0</QtyInPackage>
      <ItemPrice>4.50</ItemPrice>
      <UnitOfMeasurePrice>6.43</UnitOfMeasurePrice>
      <AllowDiscount>1</AllowDiscount>
      <ItemStatus>1</ItemStatus>
    </Item>
    <Item>
      <PriceUpdateDate>2014-07-21 07:19</PriceUpdateDate>
      <ItemCode>7290000066141</ItemCode>
      <ItemType>1</ItemType>
      <ItemName>ביסלי גריל 70 גרם</ItemName>
      <ManufacturerName>אסם השקעות בע"\מ</ManufacturerName>
      <ManufactureCountry>IL</ManufactureCountry>
      <ManufacturerItemDescription>ביסלי גריל</ManufacturerItemDescription>
      <UnitQty>גרמים</UnitQty>
      <Quantity>70.00</Quantity>
      <bIsWeighted>0</bIsWeighted>
      <UnitOfMeasure>100 גרם</UnitOfMeasure>
      <QtyInPackage>0</QtyInPackage>
      <ItemPrice>4.50</ItemPrice>
      <UnitOfMeasurePrice>6.43</UnitOfMeasurePrice>
      <AllowDiscount>1</AllowDiscount>
      <ItemStatus>1</ItemStatus>
    </Item>
    <Item>
      <PriceUpdateDate>2014-07-21 07:19</PriceUpdateDate>
      <ItemCode>7290000066158</ItemCode>
      <ItemType>1</ItemType>
      <ItemName>ביסלי בצל 67 גרם</ItemName>
      <ManufacturerName>אסם השקעות בע"\מ</ManufacturerName>
      <ManufactureCountry>IL</ManufactureCountry>
      <ManufacturerItemDescription>ביסלי בטעם בצל</ManufacturerItemDescription>
      <UnitQty>גרמים</UnitQty>
      <Quantity>67.00</Quantity>
      <bIsWeighted>0</bIsWeighted>
      <UnitOfMeasure>100 גרם</UnitOfMeasure>
      <QtyInPackage>0</QtyInPackage>
      <ItemPrice>4.50</ItemPrice>
      <UnitOfMeasurePrice>6.72</UnitOfMeasurePrice>
      <AllowDiscount>1</AllowDiscount>
      <ItemStatus>1</ItemStatus>
    </Item>
    <Item>
      <PriceUpdateDate>2014-07-21 07:19</PriceUpdateDate>
      <ItemCode>7290000066165</ItemCode>
      <ItemType>1</ItemType>
      <ItemName>ביסלי ברביקיו 67 גרם</ItemName>
      <ManufacturerName>אסם השקעות בע"\מ</ManufacturerName>
      <ManufactureCountry>IL</ManufactureCountry>
      <ManufacturerItemDescription>ביסלי ברביקיו</ManufacturerItemDescription>
      <UnitQty>גרמים</UnitQty>
      <Quantity>67.00</Quantity>
      <bIsWeighted>0</bIsWeighted>
      <UnitOfMeasure>100 גרם</UnitOfMeasure>
      <QtyInPackage>0</QtyInPackage>
      <ItemPrice>4.50</ItemPrice>
      <UnitOfMeasurePrice>6.72</UnitOfMeasurePrice>
      <AllowDiscount>1</AllowDiscount>
      <ItemStatus>1</ItemStatus>
    </Item>
    <Item>
      <PriceUpdateDate>2014-07-21 07:19</PriceUpdateDate>
      <ItemCode>7290000066172</ItemCode>
      <ItemType>1</ItemType>
      <ItemName>ביסלי פיצה 70 גרם</ItemName>
      <ManufacturerName>אסם השקעות בע"\מ</ManufacturerName>
      <ManufactureCountry>IL</ManufactureCountry>
      <ManufacturerItemDescription>ביסלי פיצה</ManufacturerItemDescription>
      <UnitQty>גרמים</UnitQty>
      <Quantity>70.00</Quantity>
      <bIsWeighted>0</bIsWeighted>
      <UnitOfMeasure>100 גרם</UnitOfMeasure>
      <QtyInPackage>0</QtyInPackage>
      <ItemPrice>4.50</ItemPrice>
      <UnitOfMeasurePrice>6.43</UnitOfMeasurePrice>
      <AllowDiscount>1</AllowDiscount>
      <ItemStatus>1</ItemStatus>
    </Item>
    <Item>
      <PriceUpdateDate>2017-02-07 07:16</PriceUpdateDate>
      <ItemCode>7290000066196</ItemCode>
      <ItemType>1</ItemType>
      <ItemName>ביסלי גריל 200 גרם</ItemName>
      <ManufacturerName>אסם השקעות בע"\מ</ManufacturerName>
      <ManufactureCountry>IL</ManufactureCountry>
      <ManufacturerItemDescription>ביסלי גריל</ManufacturerItemDescription>
      <UnitQty>גרמים</UnitQty>
      <Quantity>200.00</Quantity>
      <bIsWeighted>0</bIsWeighted>
      <UnitOfMeasure>100 גרם</UnitOfMeasure>
      <QtyInPackage>0</QtyInPackage>
      <ItemPrice>7.90</ItemPrice>
      <UnitOfMeasurePrice>3.95</UnitOfMeasurePrice>
      <AllowDiscount>1</AllowDiscount>
      <ItemStatus>1</ItemStatus>
    </Item>
    <Item>
      <PriceUpdateDate>2017-02-07 07:16</PriceUpdateDate>
      <ItemCode>7290000066202</ItemCode>
      <ItemType>1</ItemType>
      <ItemName>ביסלי בצל 190 גרם</ItemName>
      <ManufacturerName>אסם השקעות בע"\מ</ManufacturerName>
      <ManufactureCountry>IL</ManufactureCountry>
      <ManufacturerItemDescription>ביסלי בטעם בצל</ManufacturerItemDescription>
      <UnitQty>גרמים</UnitQty>
      <Quantity>190.00</Quantity>
      <bIsWeighted>0</bIsWeighted>
      <UnitOfMeasure>100 גרם</UnitOfMeasure>
      <QtyInPackage>0</QtyInPackage>
      <ItemPrice>7.90</ItemPrice>
      <UnitOfMeasurePrice>4.16</UnitOfMeasurePrice>
      <AllowDiscount>1</AllowDiscount>
      <ItemStatus>1</ItemStatus>
    </Item>
    <Item>
      <PriceUpdateDate>2017-02-07 07:16</PriceUpdateDate>
      <ItemCode>7290000066219</ItemCode>
      <ItemType>1</ItemType>
      <ItemName>ביסלי ברביקיו 190 גרם</ItemName>
      <ManufacturerName>אסם השקעות בע"\מ</ManufacturerName>
      <ManufactureCountry>IL</ManufactureCountry>
      <ManufacturerItemDescription>ביסלי ברביקיו</ManufacturerItemDescription>
      <UnitQty>גרמים</UnitQty>
      <Quantity>190.00</Quantity>
      <bIsWeighted>0</bIsWeighted>
      <UnitOfMeasure>100 גרם</UnitOfMeasure>
      <QtyInPackage>0</QtyInPackage>
      <ItemPrice>7.90</ItemPrice>
      <UnitOfMeasurePrice>4.16</UnitOfMeasurePrice>
      <AllowDiscount>1</AllowDiscount>
      <ItemStatus>1</ItemStatus>
    </Item>
    <Item>
      <PriceUpdateDate>2017-02-07 07:16</PriceUpdateDate>
      <ItemCode>7290000066226</ItemCode>
      <ItemType>1</ItemType>
      <ItemName>ביסלי פיצה 200 גרם</ItemName>
      <ManufacturerName>אסם השקעות בע"\מ</ManufacturerName>
      <ManufactureCountry>IL</ManufactureCountry>
      <ManufacturerItemDescription>ביסלי בטעם פיצה</ManufacturerItemDescription>
      <UnitQty>גרמים</UnitQty>
      <Quantity>200.00</Quantity>
      <bIsWeighted>0</bIsWeighted>
      <UnitOfMeasure>100 גרם</UnitOfMeasure>
      <QtyInPackage>0</QtyInPackage>
      <ItemPrice>7.90</ItemPrice>
      <UnitOfMeasurePrice>3.95</UnitOfMeasurePrice>
      <AllowDiscount>1</AllowDiscount>
      <ItemStatus>1</ItemStatus>
    </Item>
    <Item>
      <PriceUpdateDate>2014-07-21 07:19</PriceUpdateDate>
      <ItemCode>7290000066264</ItemCode>
      <ItemType>1</ItemType>
      <ItemName>דובונים-חטיפים מלוחים40ג</ItemName>
      <ManufacturerName>אסם השקעות בע"\מ</ManufacturerName>
      <ManufactureCountry>IL</ManufactureCountry>
      <ManufacturerItemDescription>חטיפי דובונים</ManufacturerItemDescription>
      <UnitQty>גרמים</UnitQty>
      <Quantity>40.00</Quantity>
      <bIsWeighted>0</bIsWeighted>
      <UnitOfMeasure>100 גרם</UnitOfMeasure>
      <QtyInPackage>0</QtyInPackage>
      <ItemPrice>4.90</ItemPrice>
      <UnitOfMeasurePrice>12.25</UnitOfMeasurePrice>
      <AllowDiscount>1</AllowDiscount>
      <ItemStatus>1</ItemStatus>
    </Item>
    <Item>
      <PriceUpdateDate>2014-07-21 07:19</PriceUpdateDate>
      <ItemCode>7290000066295</ItemCode>
      <ItemType>1</ItemType>
      <ItemName>במבה מתוקה 30 גרם</ItemName>
      <ManufacturerName>אסם השקעות בע"\מ</ManufacturerName>
      <ManufactureCountry>IL</ManufactureCountry>
      <ManufacturerItemDescription>במבה מתוקה</ManufacturerItemDescription>
      <UnitQty>גרמים</UnitQty>
      <Quantity>30.00</Quantity>
      <bIsWeighted>0</bIsWeighted>
      <UnitOfMeasure>100 גרם</UnitOfMeasure>
      <QtyInPackage>0</QtyInPackage>
      <ItemPrice>2.90</ItemPrice>
      <UnitOfMeasurePrice>9.67</UnitOfMeasurePrice>
      <AllowDiscount>1</AllowDiscount>
      <ItemStatus>1</ItemStatus>
    </Item>
    <Item>
      <PriceUpdateDate>2013-12-10 06:26</PriceUpdateDate>
      <ItemCode>7290000066318</ItemCode>
      <ItemType>1</ItemType>
      <ItemName>במבה 80 גרם</ItemName>
      <ManufacturerName>אסם השקעות בע"\מ</ManufacturerName>
      <ManufactureCountry>IL</ManufactureCountry>
      <ManufacturerItemDescription>במבה</ManufacturerItemDescription>
      <UnitQty>גרמים</UnitQty>
      <Quantity>80.00</Quantity>
      <bIsWeighted>0</bIsWeighted>
      <UnitOfMeasure>100 גרם</UnitOfMeasure>
      <QtyInPackage>0</QtyInPackage>
      <ItemPrice>4.90</ItemPrice>
      <UnitOfMeasurePrice>6.13</UnitOfMeasurePrice>
      <AllowDiscount>1</AllowDiscount>
      <ItemStatus>1</ItemStatus>
    </Item>
    <Item>
      <PriceUpdateDate>2015-09-30 08:04</PriceUpdateDate>
      <ItemCode>7290000066332</ItemCode>
      <ItemType>1</ItemType>
      <ItemName>אפרופו 50 גרם</ItemName>
      <ManufacturerName>אסם השקעות בע"\מ</ManufacturerName>
      <ManufactureCountry>IL</ManufactureCountry>
      <ManufacturerItemDescription>חטיף אפרופו</ManufacturerItemDescription>
      <UnitQty>גרמים</UnitQty>
      <Quantity>50.00</Quantity>
      <bIsWeighted>0</bIsWeighted>
      <UnitOfMeasure>100 גרם</UnitOfMeasure>
      <QtyInPackage>0</QtyInPackage>
      <ItemPrice>5.80</ItemPrice>
      <UnitOfMeasurePrice>11.60</UnitOfMeasurePrice>
      <AllowDiscount>1</AllowDiscount>
      <ItemStatus>1</ItemStatus>
    </Item>
    <Item>
      <PriceUpdateDate>2014-07-21 07:19</PriceUpdateDate>
      <ItemCode>7290000066431</ItemCode>
      <ItemType>1</ItemType>
      <ItemName>פופקו בטעם חמאה ודבש80גר</ItemName>
      <ManufacturerName>אסם השקעות בע"\מ</ManufacturerName>
      <ManufactureCountry>IL</ManufactureCountry>
      <ManufacturerItemDescription>חטיף פופקו</ManufacturerItemDescription>
      <UnitQty>גרמים</UnitQty>
      <Quantity>80.00</Quantity>
      <bIsWeighted>0</bIsWeighted>
      <UnitOfMeasure>100 גרם</UnitOfMeasure>
      <QtyInPackage>0</QtyInPackage>
      <ItemPrice>5.50</ItemPrice>
      <UnitOfMeasurePrice>6.88</UnitOfMeasurePrice>
      <AllowDiscount>1</AllowDiscount>
      <ItemStatus>1</ItemStatus>
    </Item>
    <Item>
      <PriceUpdateDate>2017-02-08 07:11</PriceUpdateDate>
      <ItemCode>7290000066950</ItemCode>
      <ItemType>1</ItemType>
      <ItemName>ויטמינצ'יק סירופ תפו"ע1ל</ItemName>
      <ManufacturerName>בית-השיטה עסיס תעשיות מז</ManufacturerName>
      <ManufactureCountry>IL</ManufactureCountry>
      <ManufacturerItemDescription>ויטמינצ'יק תפו"ע</ManufacturerItemDescription>
      <UnitQty>ליטרים</UnitQty>
      <Quantity>1.00</Quantity>
      <bIsWeighted>0</bIsWeighted>
      <UnitOfMeasure>ליטר</UnitOfMeasure>
      <QtyInPackage>0</QtyInPackage>
      <ItemPrice>13.90</ItemPrice>
      <UnitOfMeasurePrice>13.90</UnitOfMeasurePrice>
      <AllowDiscount>1</AllowDiscount>
      <ItemStatus>1</ItemStatus>
    </Item>
    <Item>
      <PriceUpdateDate>2015-09-30 08:09</PriceUpdateDate>
      <ItemCode>7290000067070</ItemCode>
      <ItemType>1</ItemType>
      <ItemName>עוג.מיני ממולא.שוקולד300</ItemName>
      <ManufacturerName>אסם השקעות בע"\מ</ManufacturerName>
      <ManufactureCountry>IL</ManufactureCountry>
      <ManufacturerItemDescription>עוגיות ממולאות</ManufacturerItemDescription>
      <UnitQty>גרמים</UnitQty>
      <Quantity>300.00</Quantity>
      <bIsWeighted>0</bIsWeighted>
      <UnitOfMeasure>100 גרם</UnitOfMeasure>
      <QtyInPackage>0</QtyInPackage>
      <ItemPrice>12.90</ItemPrice>
      <UnitOfMeasurePrice>4.30</UnitOfMeasurePrice>
      <AllowDiscount>1</AllowDiscount>
      <ItemStatus>1</ItemStatus>
    </Item>
    <Item>
      <PriceUpdateDate>2017-02-07 07:16</PriceUpdateDate>
      <ItemCode>7290000067544</ItemCode>
      <ItemType>1</ItemType>
      <ItemName>פירורית זהב 200 גרם</ItemName>
      <ManufacturerName>עינת תעשיות</ManufacturerName>
      <ManufactureCountry>IL</ManufactureCountry>
      <ManufacturerItemDescription>פירורית זהב</ManufacturerItemDescription>
      <UnitQty>גרמים</UnitQty>
      <Quantity>200.00</Quantity>
      <bIsWeighted>0</bIsWeighted>
      <UnitOfMeasure>100 גרם</UnitOfMeasure>
      <QtyInPackage>0</QtyInPackage>
      <ItemPrice>7.50</ItemPrice>
      <UnitOfMeasurePrice>3.75</UnitOfMeasurePrice>
      <AllowDiscount>1</AllowDiscount>
      <ItemStatus>1</ItemStatus>
    </Item>
    <Item>
      <PriceUpdateDate>2017-07-04 09:43</PriceUpdateDate>
      <ItemCode>7290000067599</ItemCode>
      <ItemType>1</ItemType>
      <ItemName>מנה חמה ספגטי בולונז 65ג</ItemName>
      <ManufacturerName>אסם השקעות בע"\מ</ManufacturerName>
      <ManufactureCountry>IL</ManufactureCountry>
      <ManufacturerItemDescription>מנה חמה בולונז</ManufacturerItemDescription>
      <UnitQty>גרמים</UnitQty>
      <Quantity>65.00</Quantity>
      <bIsWeighted>0</bIsWeighted>
      <UnitOfMeasure>100 גרם</UnitOfMeasure>
      <QtyInPackage>0</QtyInPackage>
      <ItemPrice>6.90</ItemPrice>
      <UnitOfMeasurePrice>10.62</UnitOfMeasurePrice>
      <AllowDiscount>1</AllowDiscount>
      <ItemStatus>1</ItemStatus>
    </Item>
    <Item>
      <PriceUpdateDate>2014-07-21 07:22</PriceUpdateDate>
      <ItemCode>7290000068138</ItemCode>
      <ItemType>1</ItemType>
      <ItemName>אינסטנט פודינג וניל 80גר</ItemName>
      <ManufacturerName>אסם השקעות בע"מ</ManufacturerName>
      <ManufactureCountry>IL</ManufactureCountry>
      <ManufacturerItemDescription>אינסטנט פודינג</ManufacturerItemDescription>
      <UnitQty>גרמים</UnitQty>
      <Quantity>80.00</Quantity>
      <bIsWeighted>0</bIsWeighted>
      <UnitOfMeasure>100 גרם</UnitOfMeasure>
      <QtyInPackage>0</QtyInPackage>
      <ItemPrice>5.70</ItemPrice>
      <UnitOfMeasurePrice>7.13</UnitOfMeasurePrice>
      <AllowDiscount>1</AllowDiscount>
      <ItemStatus>1</ItemStatus>
    </Item>
    <Item>
      <PriceUpdateDate>2015-09-30 08:07</PriceUpdateDate>
      <ItemCode>7290000068237</ItemCode>
      <ItemType>1</ItemType>
      <ItemName>ג'לי בטעם פטל 85 גרם</ItemName>
      <ManufacturerName>אסם השקעות בע"\מ</ManufacturerName>
      <ManufactureCountry>IL</ManufactureCountry>
      <ManufacturerItemDescription>ג'לי בטעם פטל</ManufacturerItemDescription>
      <UnitQty>גרמים</UnitQty>
      <Quantity>85.00</Quantity>
      <bIsWeighted>0</bIsWeighted>
      <UnitOfMeasure>100 גרם</UnitOfMeasure>
      <QtyInPackage>0</QtyInPackage>
      <ItemPrice>7.50</ItemPrice>
      <UnitOfMeasurePrice>8.82</UnitOfMeasurePrice>
      <AllowDiscount>1</AllowDiscount>
      <ItemStatus>1</ItemStatus>
    </Item>
    <Item>
      <PriceUpdateDate>2019-11-05 10:08</PriceUpdateDate>
      <ItemCode>7290000068343</ItemCode>
      <ItemType>1</ItemType>
      <ItemName>פריכונים מאורז מלא 140גר</ItemName>
      <ManufacturerName>פרח תעשיות מזון בע"מ.</ManufacturerName>
      <ManufactureCountry>IL</ManufactureCountry>
      <ManufacturerItemDescription>פריכונים מאורז</ManufacturerItemDescription>
      <UnitQty>גרמים</UnitQty>
      <Quantity>140.00</Quantity>
      <bIsWeighted>0</bIsWeighted>
      <UnitOfMeasure>100 גרם</UnitOfMeasure>
      <QtyInPackage>0</QtyInPackage>
      <ItemPrice>9.00</ItemPrice>
      <UnitOfMeasurePrice>6.43</UnitOfMeasurePrice>
      <AllowDiscount>1</AllowDiscount>
      <ItemStatus>1</ItemStatus>
    </Item>
    <Item>
      <PriceUpdateDate>2013-12-10 06:24</PriceUpdateDate>
      <ItemCode>7290000068770</ItemCode>
      <ItemType>1</ItemType>
      <ItemName>במבה יום הולדת 80ג בד"צ</ItemName>
      <ManufacturerName>אסם השקעות בע"\מ</ManufacturerName>
      <ManufactureCountry>IL</ManufactureCountry>
      <ManufacturerItemDescription>במבה יום הולדת</ManufacturerItemDescription>
      <UnitQty>גרמים</UnitQty>
      <Quantity>80.00</Quantity>
      <bIsWeighted>0</bIsWeighted>
      <UnitOfMeasure>100 גרם</UnitOfMeasure>
      <QtyInPackage>0</QtyInPackage>
      <ItemPrice>4.90</ItemPrice>
      <UnitOfMeasurePrice>6.13</UnitOfMeasurePrice>
      <AllowDiscount>1</AllowDiscount>
      <ItemStatus>1</ItemStatus>
    </Item>
    <Item>
      <PriceUpdateDate>2014-07-21 07:19</PriceUpdateDate>
      <ItemCode>7290000068787</ItemCode>
      <ItemType>1</ItemType>
      <ItemName>במבה יום הולדת 25ג בד"צ</ItemName>
      <ManufacturerName>אסם השקעות בע"\מ</ManufacturerName>
      <ManufactureCountry>IL</ManufactureCountry>
      <ManufacturerItemDescription>במבה יום הולדת</ManufacturerItemDescription>
      <UnitQty>גרמים</UnitQty>
      <Quantity>25.00</Quantity>
      <bIsWeighted>0</bIsWeighted>
      <UnitOfMeasure>100 גרם</UnitOfMeasure>
      <QtyInPackage>0</QtyInPackage>
      <ItemPrice>2.50</ItemPrice>
      <UnitOfMeasurePrice>10.00</UnitOfMeasurePrice>
      <AllowDiscount>1</AllowDiscount>
      <ItemStatus>1</ItemStatus>
    </Item>
    <Item>
      <PriceUpdateDate>2017-02-07 07:16</PriceUpdateDate>
      <ItemCode>7290000071008</ItemCode>
      <ItemType>1</ItemType>
      <ItemName>בייגלה שטוח מלח 60 גרם</ItemName>
      <ManufacturerName>אסם השקעות בע"\מ</ManufacturerName>
      <ManufactureCountry>IL</ManufactureCountry>
      <ManufacturerItemDescription>בייגלה שטוחים</ManufacturerItemDescription>
      <UnitQty>גרמים</UnitQty>
      <Quantity>60.00</Quantity>
      <bIsWeighted>0</bIsWeighted>
      <UnitOfMeasure>100 גרם</UnitOfMeasure>
      <QtyInPackage>0</QtyInPackage>
      <ItemPrice>3.70</ItemPrice>
      <UnitOfMeasurePrice>6.17</UnitOfMeasurePrice>
      <AllowDiscount>1</AllowDiscount>
      <ItemStatus>1</ItemStatus>
    </Item>
    <Item>
      <PriceUpdateDate>2013-12-10 06:24</PriceUpdateDate>
      <ItemCode>7290000072067</ItemCode>
      <ItemType>1</ItemType>
      <ItemName>במבה במילוי קרם חלווה60ג</ItemName>
      <ManufacturerName>אסם</ManufacturerName>
      <ManufactureCountry>IL</ManufactureCountry>
      <ManufacturerItemDescription>במבה במילוי חלוה</ManufacturerItemDescription>
      <UnitQty>גרמים</UnitQty>
      <Quantity>60.00</Quantity>
      <bIsWeighted>0</bIsWeighted>
      <UnitOfMeasure>100 גרם</UnitOfMeasure>
      <QtyInPackage>0</QtyInPackage>
      <ItemPrice>5.50</ItemPrice>
      <UnitOfMeasurePrice>9.17</UnitOfMeasurePrice>
      <AllowDiscount>1</AllowDiscount>
      <ItemStatus>1</ItemStatus>
    </Item>
    <Item>
      <PriceUpdateDate>2018-01-30 11:39</PriceUpdateDate>
      <ItemCode>7290000072623</ItemCode>
      <ItemType>1</ItemType>
      <ItemName>קטשופ בקבוק לחיץ 750 גרם</ItemName>
      <ManufacturerName>אסם השקעות בע"מ</ManufacturerName>
      <ManufactureCountry>IL</ManufactureCountry>
      <ManufacturerItemDescription>קטשופ בקבוק לחיץ</ManufacturerItemDescription>
      <UnitQty>גרמים</UnitQty>
      <Quantity>750.00</Quantity>
      <bIsWeighted>0</bIsWeighted>
      <UnitOfMeasure>100 גרם</UnitOfMeasure>
      <QtyInPackage>0</QtyInPackage>
      <ItemPrice>12.50</ItemPrice>
      <UnitOfMeasurePrice>1.67</UnitOfMeasurePrice>
      <AllowDiscount>1</AllowDiscount>
      <ItemStatus>1</ItemStatus>
    </Item>
    <Item>
      <PriceUpdateDate>2018-05-22 12:22</PriceUpdateDate>
      <ItemCode>7290000072753</ItemCode>
      <ItemType>1</ItemType>
      <ItemName>נסקפה טסטר'ס צ'ויס200ג</ItemName>
      <ManufacturerName>לוטה נסטלה קוריאה</ManufacturerName>
      <ManufactureCountry>KR</ManufactureCountry>
      <ManufacturerItemDescription>נסקפה טסטרס צויס</ManufacturerItemDescription>
      <UnitQty>גרמים</UnitQty>
      <Quantity>200.00</Quantity>
      <bIsWeighted>0</bIsWeighted>
      <UnitOfMeasure>100 גרם</UnitOfMeasure>
      <QtyInPackage>0</QtyInPackage>
      <ItemPrice>32.90</ItemPrice>
      <UnitOfMeasurePrice>16.45</UnitOfMeasurePrice>
      <AllowDiscount>1</AllowDiscount>
      <ItemStatus>1</ItemStatus>
    </Item>
    <Item>
      <PriceUpdateDate>2015-09-30 08:05</PriceUpdateDate>
      <ItemCode>7290000072777</ItemCode>
      <ItemType>1</ItemType>
      <ItemName>טסטרס צ'ויס נט.קפאין200</ItemName>
      <ManufacturerName>לוטה נסטלה קוריאה</ManufacturerName>
      <ManufactureCountry>KR</ManufactureCountry>
      <ManufacturerItemDescription>קפה טסטרס צויס</ManufacturerItemDescription>
      <UnitQty>גרמים</UnitQty>
      <Quantity>200.00</Quantity>
      <bIsWeighted>0</bIsWeighted>
      <UnitOfMeasure>100 גרם</UnitOfMeasure>
      <QtyInPackage>0</QtyInPackage>
      <ItemPrice>39.60</ItemPrice>
      <UnitOfMeasurePrice>19.80</UnitOfMeasurePrice>
      <AllowDiscount>1</AllowDiscount>
      <ItemStatus>1</ItemStatus>
    </Item>
    <Item>
      <PriceUpdateDate>2018-03-06 07:23</PriceUpdateDate>
      <ItemCode>7290000072968</ItemCode>
      <ItemType>1</ItemType>
      <ItemName>סיני מיניס 500 גרם</ItemName>
      <ManufacturerName>סי. פי. פולין</ManufacturerName>
      <ManufactureCountry>PL</ManufactureCountry>
      <ManufacturerItemDescription>דגני נסטלה</ManufacturerItemDescription>
      <UnitQty>גרמים</UnitQty>
      <Quantity>500.00</Quantity>
      <bIsWeighted>0</bIsWeighted>
      <UnitOfMeasure>100 גרם</UnitOfMeasure>
      <QtyInPackage>0</QtyInPackage>
      <ItemPrice>27.70</ItemPrice>
      <UnitOfMeasurePrice>5.54</UnitOfMeasurePrice>
      <AllowDiscount>1</AllowDiscount>
      <ItemStatus>1</ItemStatus>
    </Item>
    <Item>
      <PriceUpdateDate>2017-07-04 09:43</PriceUpdateDate>
      <ItemCode>7290000073125</ItemCode>
      <ItemType>1</ItemType>
      <ItemName>מ.חמה פסטה ברוטב עגבניות</ItemName>
      <ManufacturerName>אסם השקעות בע"\מ</ManufacturerName>
      <ManufactureCountry>IL</ManufactureCountry>
      <ManufacturerItemDescription>מנה חמה פסטה</ManufacturerItemDescription>
      <UnitQty>גרמים</UnitQty>
      <Quantity>62.00</Quantity>
      <bIsWeighted>0</bIsWeighted>
      <UnitOfMeasure>100 גרם</UnitOfMeasure>
      <QtyInPackage>0</QtyInPackage>
      <ItemPrice>6.90</ItemPrice>
      <UnitOfMeasurePrice>11.13</UnitOfMeasurePrice>
      <AllowDiscount>1</AllowDiscount>
      <ItemStatus>1</ItemStatus>
    </Item>
    <Item>
      <PriceUpdateDate>2014-07-22 06:43</PriceUpdateDate>
      <ItemCode>7290000073699</ItemCode>
      <ItemType>1</ItemType>
      <ItemName>סלט חומוס צבר 150 גרם</ItemName>
      <ManufacturerName>סלטי צבר</ManufacturerName>
      <ManufactureCountry>IL</ManufactureCountry>
      <ManufacturerItemDescription>סלט חומוס צבר</ManufacturerItemDescription>
      <UnitQty>גרמים</UnitQty>
      <Quantity>150.00</Quantity>
      <bIsWeighted>0</bIsWeighted>
      <UnitOfMeasure>100 גרם</UnitOfMeasure>
      <QtyInPackage>0</QtyInPackage>
      <ItemPrice>5.80</ItemPrice>
      <UnitOfMeasurePrice>3.87</UnitOfMeasurePrice>
      <AllowDiscount>1</AllowDiscount>
      <ItemStatus>1</ItemStatus>
    </Item>
    <Item>
      <PriceUpdateDate>2018-05-22 12:22</PriceUpdateDate>
      <ItemCode>7290000073767</ItemCode>
      <ItemType>1</ItemType>
      <ItemName>מ.חמה נודלס טעם בקר70ג</ItemName>
      <ManufacturerName>PUB FOODS PRESIDENT THAI</ManufacturerName>
      <ManufactureCountry>TH</ManufactureCountry>
      <ManufacturerItemDescription>מנה חמה נודלס</ManufacturerItemDescription>
      <UnitQty>גרמים</UnitQty>
      <Quantity>70.00</Quantity>
      <bIsWeighted>0</bIsWeighted>
      <UnitOfMeasure>100 גרם</UnitOfMeasure>
      <QtyInPackage>0</QtyInPackage>
      <ItemPrice>6.90</ItemPrice>
      <UnitOfMeasurePrice>9.86</UnitOfMeasurePrice>
      <AllowDiscount>1</AllowDiscount>
      <ItemStatus>1</ItemStatus>
    </Item>
    <Item>
      <PriceUpdateDate>2015-09-30 08:09</PriceUpdateDate>
      <ItemCode>7290000074153</ItemCode>
      <ItemType>1</ItemType>
      <ItemName>פתי בר בטעם שוקולד500גרם</ItemName>
      <ManufacturerName>אסם השקעות בע"\מ</ManufacturerName>
      <ManufactureCountry>IL</ManufactureCountry>
      <ManufacturerItemDescription>פתי בר שוקו</ManufacturerItemDescription>
      <UnitQty>גרמים</UnitQty>
      <Quantity>500.00</Quantity>
      <bIsWeighted>0</bIsWeighted>
      <UnitOfMeasure>100 גרם</UnitOfMeasure>
      <QtyInPackage>0</QtyInPackage>
      <ItemPrice>15.00</ItemPrice>
      <UnitOfMeasurePrice>3.00</UnitOfMeasurePrice>
      <AllowDiscount>1</AllowDiscount>
      <ItemStatus>1</ItemStatus>
    </Item>
    <Item>
      <PriceUpdateDate>2015-11-17 07:51</PriceUpdateDate>
      <ItemCode>7290000074184</ItemCode>
      <ItemType>1</ItemType>
      <ItemName>ביסקוויט פתי בר 500 גרם</ItemName>
      <ManufacturerName>אסם השקעות בע"\מ</ManufacturerName>
      <ManufactureCountry>IL</ManufactureCountry>
      <ManufacturerItemDescription>ביסקוויט פתי בר</ManufacturerItemDescription>
      <UnitQty>גרמים</UnitQty>
      <Quantity>500.00</Quantity>
      <bIsWeighted>0</bIsWeighted>
      <UnitOfMeasure>100 גרם</UnitOfMeasure>
      <QtyInPackage>0</QtyInPackage>
      <ItemPrice>12.00</ItemPrice>
      <UnitOfMeasurePrice>2.40</UnitOfMeasurePrice>
      <AllowDiscount>1</AllowDiscount>
      <ItemStatus>1</ItemStatus>
    </Item>
    <Item>
      <PriceUpdateDate>2018-02-21 10:09</PriceUpdateDate>
      <ItemCode>7290000074245</ItemCode>
      <ItemType>1</ItemType>
      <ItemName>קרם קרקר 250 גרם</ItemName>
      <ManufacturerName>אסם השקעות בע"\מ</ManufacturerName>
      <ManufactureCountry>IL</ManufactureCountry>
      <ManufacturerItemDescription>קרם קרקר אסם</ManufacturerItemDescription>
      <UnitQty>גרמים</UnitQty>
      <Quantity>250.00</Quantity>
      <bIsWeighted>0</bIsWeighted>
      <UnitOfMeasure>100 גרם</UnitOfMeasure>
      <QtyInPackage>0</QtyInPackage>
      <ItemPrice>11.60</ItemPrice>
      <UnitOfMeasurePrice>4.64</UnitOfMeasurePrice>
      <AllowDiscount>1</AllowDiscount>
      <ItemStatus>1</ItemStatus>
    </Item>
    <Item>
      <PriceUpdateDate>2017-02-07 07:16</PriceUpdateDate>
      <ItemCode>7290000074252</ItemCode>
      <ItemType>1</ItemType>
      <ItemName>קרקר שומשום 250 גרם</ItemName>
      <ManufacturerName>אסם השקעות בע"\מ</ManufacturerName>
      <ManufactureCountry>IL</ManufactureCountry>
      <ManufacturerItemDescription>קרקר שומשום אסם</ManufacturerItemDescription>
      <UnitQty>גרמים</UnitQty>
      <Quantity>250.00</Quantity>
      <bIsWeighted>0</bIsWeighted>
      <UnitOfMeasure>100 גרם</UnitOfMeasure>
      <QtyInPackage>0</QtyInPackage>
      <ItemPrice>11.20</ItemPrice>
      <UnitOfMeasurePrice>4.48</UnitOfMeasurePrice>
      <AllowDiscount>1</AllowDiscount>
      <ItemStatus>1</ItemStatus>
    </Item>
    <Item>
      <PriceUpdateDate>2016-01-05 06:48</PriceUpdateDate>
      <ItemCode>7290000074290</ItemCode>
      <ItemType>1</ItemType>
      <ItemName>לחמית סובין 230 גרם</ItemName>
      <ManufacturerName>אסם השקעות בע"\מ</ManufacturerName>
      <ManufactureCountry>IL</ManufactureCountry>
      <ManufacturerItemDescription>לחמית אסם</ManufacturerItemDescription>
      <UnitQty>גרמים</UnitQty>
      <Quantity>230.00</Quantity>
      <bIsWeighted>0</bIsWeighted>
      <UnitOfMeasure>100 גרם</UnitOfMeasure>
      <QtyInPackage>0</QtyInPackage>
      <ItemPrice>9.90</ItemPrice>
      <UnitOfMeasurePrice>4.30</UnitOfMeasurePrice>
      <AllowDiscount>1</AllowDiscount>
      <ItemStatus>1</ItemStatus>
    </Item>
    <Item>
      <PriceUpdateDate>2016-02-02 06:49</PriceUpdateDate>
      <ItemCode>7290000074375</ItemCode>
      <ItemType>1</ItemType>
      <ItemName>קרקר זהב 150 גרם</ItemName>
      <ManufacturerName>אסם השקעות בע"\מ</ManufacturerName>
      <ManufactureCountry>IL</ManufactureCountry>
      <ManufacturerItemDescription>קרקר זהב אסם</ManufacturerItemDescription>
      <UnitQty>גרמים</UnitQty>
      <Quantity>150.00</Quantity>
      <bIsWeighted>0</bIsWeighted>
      <UnitOfMeasure>100 גרם</UnitOfMeasure>
      <QtyInPackage>0</QtyInPackage>
      <ItemPrice>8.10</ItemPrice>
      <UnitOfMeasurePrice>5.40</UnitOfMeasurePrice>
      <AllowDiscount>1</AllowDiscount>
      <ItemStatus>1</ItemStatus>
    </Item>
    <Item>
      <PriceUpdateDate>2015-09-30 08:09</PriceUpdateDate>
      <ItemCode>7290000074481</ItemCode>
      <ItemType>1</ItemType>
      <ItemName>לחמית אגוזים 160 גרם</ItemName>
      <ManufacturerName>אסם השקעות בע"\מ</ManufacturerName>
      <ManufactureCountry>IL</ManufactureCountry>
      <ManufacturerItemDescription>לחמית אגוזים</ManufacturerItemDescription>
      <UnitQty>גרמים</UnitQty>
      <Quantity>160.00</Quantity>
      <bIsWeighted>0</bIsWeighted>
      <UnitOfMeasure>100 גרם</UnitOfMeasure>
      <QtyInPackage>0</QtyInPackage>
      <ItemPrice>11.60</ItemPrice>
      <UnitOfMeasurePrice>7.25</UnitOfMeasurePrice>
      <AllowDiscount>1</AllowDiscount>
      <ItemStatus>1</ItemStatus>
    </Item>
    <Item>
      <PriceUpdateDate>2015-09-30 08:09</PriceUpdateDate>
      <ItemCode>7290000074962</ItemCode>
      <ItemType>1</ItemType>
      <ItemName>עוג.מיני שוקוצ'יפס 225גר</ItemName>
      <ManufacturerName>כרמית</ManufacturerName>
      <ManufactureCountry>IL</ManufactureCountry>
      <ManufacturerItemDescription>עוגיות שוקוצ'יפס</ManufacturerItemDescription>
      <UnitQty>גרמים</UnitQty>
      <Quantity>225.00</Quantity>
      <bIsWeighted>0</bIsWeighted>
      <UnitOfMeasure>100 גרם</UnitOfMeasure>
      <QtyInPackage>0</QtyInPackage>
      <ItemPrice>11.60</ItemPrice>
      <UnitOfMeasurePrice>5.16</UnitOfMeasurePrice>
      <AllowDiscount>1</AllowDiscount>
      <ItemStatus>1</ItemStatus>
    </Item>
    <Item>
      <PriceUpdateDate>2015-09-30 08:09</PriceUpdateDate>
      <ItemCode>7290000075143</ItemCode>
      <ItemType>1</ItemType>
      <ItemName>עוג. שוקוצ'יפס קלאסי200ג</ItemName>
      <ManufacturerName>אסם השקעות בע"מ</ManufacturerName>
      <ManufactureCountry>IL</ManufactureCountry>
      <ManufacturerItemDescription>עוגיות שוקוצ'יפס</ManufacturerItemDescription>
      <UnitQty>גרמים</UnitQty>
      <Quantity>200.00</Quantity>
      <bIsWeighted>0</bIsWeighted>
      <UnitOfMeasure>100 גרם</UnitOfMeasure>
      <QtyInPackage>0</QtyInPackage>
      <ItemPrice>12.70</ItemPrice>
      <UnitOfMeasurePrice>6.35</UnitOfMeasurePrice>
      <AllowDiscount>1</AllowDiscount>
      <ItemStatus>1</ItemStatus>
    </Item>
    <Item>
      <PriceUpdateDate>2017-02-07 07:16</PriceUpdateDate>
      <ItemCode>7290000076126</ItemCode>
      <ItemType>1</ItemType>
      <ItemName>בייגלה שמיניות קטנות80גר</ItemName>
      <ManufacturerName>אסם השקעות בע"\מ</ManufacturerName>
      <ManufactureCountry>IL</ManufactureCountry>
      <ManufacturerItemDescription>בייגלה שמיניות</ManufacturerItemDescription>
      <UnitQty>גרמים</UnitQty>
      <Quantity>80.00</Quantity>
      <bIsWeighted>0</bIsWeighted>
      <UnitOfMeasure>100 גרם</UnitOfMeasure>
      <QtyInPackage>0</QtyInPackage>
      <ItemPrice>3.70</ItemPrice>
      <UnitOfMeasurePrice>4.63</UnitOfMeasurePrice>
      <AllowDiscount>1</AllowDiscount>
      <ItemStatus>1</ItemStatus>
    </Item>
    <Item>
      <PriceUpdateDate>2017-02-07 07:16</PriceUpdateDate>
      <ItemCode>7290000076133</ItemCode>
      <ItemType>1</ItemType>
      <ItemName>בייגלה שמיניות קטנות400ג</ItemName>
      <ManufacturerName>אסם השקעות בע"\מ</ManufacturerName>
      <ManufactureCountry>IL</ManufactureCountry>
      <ManufacturerItemDescription>בייגלה שמיניות</ManufacturerItemDescription>
      <UnitQty>גרמים</UnitQty>
      <Quantity>400.00</Quantity>
      <bIsWeighted>0</bIsWeighted>
      <UnitOfMeasure>100 גרם</UnitOfMeasure>
      <QtyInPackage>0</QtyInPackage>
      <ItemPrice>11.90</ItemPrice>
      <UnitOfMeasurePrice>2.98</UnitOfMeasurePrice>
      <AllowDiscount>1</AllowDiscount>
      <ItemStatus>1</ItemStatus>
    </Item>
    <Item>
      <PriceUpdateDate>2015-09-30 08:09</PriceUpdateDate>
      <ItemCode>7290000077017</ItemCode>
      <ItemType>1</ItemType>
      <ItemName>קרמוגית ממולא שוקו200.גר</ItemName>
      <ManufacturerName>אסם השקעות בע"\מ</ManufacturerName>
      <ManufactureCountry>IL</ManufactureCountry>
      <ManufacturerItemDescription>קרמוגית שוקולד</ManufacturerItemDescription>
      <UnitQty>גרמים</UnitQty>
      <Quantity>200.00</Quantity>
      <bIsWeighted>0</bIsWeighted>
      <UnitOfMeasure>100 גרם</UnitOfMeasure>
      <QtyInPackage>0</QtyInPackage>
      <ItemPrice>12.70</ItemPrice>
      <UnitOfMeasurePrice>6.35</UnitOfMeasurePrice>
      <AllowDiscount>1</AllowDiscount>
      <ItemStatus>1</ItemStatus>
    </Item>
    <Item>
      <PriceUpdateDate>2015-09-30 08:09</PriceUpdateDate>
      <ItemCode>7290000077253</ItemCode>
      <ItemType>1</ItemType>
      <ItemName>לחמית כפרית 190 גרם</ItemName>
      <ManufacturerName>אסם השקעות בע"\מ</ManufacturerName>
      <ManufactureCountry>IL</ManufactureCountry>
      <ManufacturerItemDescription>לחמית כפרית</ManufacturerItemDescription>
      <UnitQty>גרמים</UnitQty>
      <Quantity>190.00</Quantity>
      <bIsWeighted>0</bIsWeighted>
      <UnitOfMeasure>100 גרם</UnitOfMeasure>
      <QtyInPackage>0</QtyInPackage>
      <ItemPrice>11.60</ItemPrice>
      <UnitOfMeasurePrice>6.11</UnitOfMeasurePrice>
      <AllowDiscount>1</AllowDiscount>
      <ItemStatus>1</ItemStatus>
    </Item>
    <Item>
      <PriceUpdateDate>2016-01-05 06:48</PriceUpdateDate>
      <ItemCode>7290000078762</ItemCode>
      <ItemType>1</ItemType>
      <ItemName>חטיפי פריכונים עם דבש80ג</ItemName>
      <ManufacturerName>הרטו</ManufacturerName>
      <ManufactureCountry>GB</ManufactureCountry>
      <ManufacturerItemDescription>חטיפי פריכונים</ManufacturerItemDescription>
      <UnitQty>גרמים</UnitQty>
      <Quantity>80.00</Quantity>
      <bIsWeighted>0</bIsWeighted>
      <UnitOfMeasure>100 גרם</UnitOfMeasure>
      <QtyInPackage>0</QtyInPackage>
      <ItemPrice>8.20</ItemPrice>
      <UnitOfMeasurePrice>10.25</UnitOfMeasurePrice>
      <AllowDiscount>1</AllowDiscount>
      <ItemStatus>1</ItemStatus>
    </Item>
    <Item>
      <PriceUpdateDate>2017-02-07 07:16</PriceUpdateDate>
      <ItemCode>7290000081663</ItemCode>
      <ItemType>1</ItemType>
      <ItemName>בייגלה טבעות שומשום300גר</ItemName>
      <ManufacturerName>אסם השקעות בע"\מ</ManufacturerName>
      <ManufactureCountry>IL</ManufactureCountry>
      <ManufacturerItemDescription>בייגלה טבעות</ManufacturerItemDescription>
      <UnitQty>גרמים</UnitQty>
      <Quantity>300.00</Quantity>
      <bIsWeighted>0</bIsWeighted>
      <UnitOfMeasure>100 גרם</UnitOfMeasure>
      <QtyInPackage>0</QtyInPackage>
      <ItemPrice>11.90</ItemPrice>
      <UnitOfMeasurePrice>3.97</UnitOfMeasurePrice>
      <AllowDiscount>1</AllowDiscount>
      <ItemStatus>1</ItemStatus>
    </Item>
    <Item>
      <PriceUpdateDate>2018-01-16 08:32</PriceUpdateDate>
      <ItemCode>7290000090832</ItemCode>
      <ItemType>0</ItemType>
      <ItemName>בייגל אמריקאי רגיל</ItemName>
      <ManufacturerName>גידרון</ManufacturerName>
      <ManufactureCountry>IL</ManufactureCountry>
      <ManufacturerItemDescription>בייגל אמריקאי</ManufacturerItemDescription>
      <UnitQty>יחידה</UnitQty>
      <Quantity>1.00</Quantity>
      <bIsWeighted>0</bIsWeighted>
      <UnitOfMeasure>יחידה</UnitOfMeasure>
      <QtyInPackage>0</QtyInPackage>
      <ItemPrice>4.40</ItemPrice>
      <UnitOfMeasurePrice>4.40</UnitOfMeasurePrice>
      <AllowDiscount>1</AllowDiscount>
      <ItemStatus>1</ItemStatus>
    </Item>
    <Item>
      <PriceUpdateDate>2018-01-16 08:32</PriceUpdateDate>
      <ItemCode>7290000096032</ItemCode>
      <ItemType>0</ItemType>
      <ItemName>חצי בגט</ItemName>
      <ManufacturerName>גידרון</ManufacturerName>
      <ManufactureCountry>IL</ManufactureCountry>
      <ManufacturerItemDescription>חצי בגט</ManufacturerItemDescription>
      <UnitQty>יחידה</UnitQty>
      <Quantity>1.00</Quantity>
      <bIsWeighted>0</bIsWeighted>
      <UnitOfMeasure>יחידה</UnitOfMeasure>
      <QtyInPackage>0</QtyInPackage>
      <ItemPrice>3.70</ItemPrice>
      <UnitOfMeasurePrice>3.70</UnitOfMeasurePrice>
      <AllowDiscount>1</AllowDiscount>
      <ItemStatus>1</ItemStatus>
    </Item>
    <Item>
      <PriceUpdateDate>2020-10-06 12:00</PriceUpdateDate>
      <ItemCode>7290000096414</ItemCode>
      <ItemType>0</ItemType>
      <ItemName>סופגניות מארז 6 * 80 גרם</ItemName>
      <ManufacturerName>גידרון</ManufacturerName>
      <ManufactureCountry>IL</ManufactureCountry>
      <ManufacturerItemDescription>סופגניות 6 יח</ManufacturerItemDescription>
      <UnitQty>גרמים</UnitQty>
      <Quantity>480.00</Quantity>
      <bIsWeighted>0</bIsWeighted>
      <UnitOfMeasure>100 גרם</UnitOfMeasure>
      <QtyInPackage>6</QtyInPackage>
      <ItemPrice>20.90</ItemPrice>
      <UnitOfMeasurePrice>4.35</UnitOfMeasurePrice>
      <AllowDiscount>1</AllowDiscount>
      <ItemStatus>1</ItemStatus>
    </Item>
    <Item>
      <PriceUpdateDate>2018-01-16 08:32</PriceUpdateDate>
      <ItemCode>7290000097633</ItemCode>
      <ItemType>0</ItemType>
      <ItemName>לחמניית קשר</ItemName>
      <ManufacturerName>גידרון</ManufacturerName>
      <ManufactureCountry>IL</ManufactureCountry>
      <ManufacturerItemDescription>לחמניית קשר</ManufacturerItemDescription>
      <UnitQty>יחידה</UnitQty>
      <Quantity>1.00</Quantity>
      <bIsWeighted>0</bIsWeighted>
      <UnitOfMeasure>יחידה</UnitOfMeasure>
      <QtyInPackage>0</QtyInPackage>
      <ItemPrice>3.70</ItemPrice>
      <UnitOfMeasurePrice>3.70</UnitOfMeasurePrice>
      <AllowDiscount>1</AllowDiscount>
      <ItemStatus>1</ItemStatus>
    </Item>
    <Item>
      <PriceUpdateDate>2017-02-06 13:17</PriceUpdateDate>
      <ItemCode>7290000104683</ItemCode>
      <ItemType>1</ItemType>
      <ItemName>שעועית שלמה מוקפאת 800 ג</ItemName>
      <ManufacturerName>סנפרוסט בע"\מ</ManufacturerName>
      <ManufactureCountry>IL</ManufactureCountry>
      <ManufacturerItemDescription>שעועית שלמה-קפוא</ManufacturerItemDescription>
      <UnitQty>גרמים</UnitQty>
      <Quantity>800.00</Quantity>
      <bIsWeighted>0</bIsWeighted>
      <UnitOfMeasure>100 גרם</UnitOfMeasure>
      <QtyInPackage>0</QtyInPackage>
      <ItemPrice>23.90</ItemPrice>
      <UnitOfMeasurePrice>2.99</UnitOfMeasurePrice>
      <AllowDiscount>1</AllowDiscount>
      <ItemStatus>1</ItemStatus>
    </Item>
    <Item>
      <PriceUpdateDate>2015-09-30 08:01</PriceUpdateDate>
      <ItemCode>7290000104799</ItemCode>
      <ItemType>1</ItemType>
      <ItemName>שעועית לבנה מבושלת 800גר</ItemName>
      <ManufacturerName>סנפרוסט בע"\מ</ManufacturerName>
      <ManufactureCountry>IL</ManufactureCountry>
      <ManufacturerItemDescription>שעועית לבנה</ManufacturerItemDescription>
      <UnitQty>גרמים</UnitQty>
      <Quantity>800.00</Quantity>
      <bIsWeighted>0</bIsWeighted>
      <UnitOfMeasure>100 גרם</UnitOfMeasure>
      <QtyInPackage>0</QtyInPackage>
      <ItemPrice>21.70</ItemPrice>
      <UnitOfMeasurePrice>2.71</UnitOfMeasurePrice>
      <AllowDiscount>1</AllowDiscount>
      <ItemStatus>1</ItemStatus>
    </Item>
    <Item>
      <PriceUpdateDate>2016-01-04 07:07</PriceUpdateDate>
      <ItemCode>7290000104836</ItemCode>
      <ItemType>1</ItemType>
      <ItemName>שעועית עדינה שלמה 600גרם</ItemName>
      <ManufacturerName>סנפרוסט בע"\מ</ManufacturerName>
      <ManufactureCountry>IL</ManufactureCountry>
      <ManufacturerItemDescription>שעועית שלמה קפוא</ManufacturerItemDescription>
      <UnitQty>גרמים</UnitQty>
      <Quantity>600.00</Quantity>
      <bIsWeighted>0</bIsWeighted>
      <UnitOfMeasure>100 גרם</UnitOfMeasure>
      <QtyInPackage>0</QtyInPackage>
      <ItemPrice>25.90</ItemPrice>
      <UnitOfMeasurePrice>4.32</UnitOfMeasurePrice>
      <AllowDiscount>1</AllowDiscount>
      <ItemStatus>1</ItemStatus>
    </Item>
    <Item>
      <PriceUpdateDate>2017-02-06 13:17</PriceUpdateDate>
      <ItemCode>7290000107295</ItemCode>
      <ItemType>1</ItemType>
      <ItemName>תפרחות ברוקולי 800 גרם</ItemName>
      <ManufacturerName>סנפרוסט בע"\מ</ManufacturerName>
      <ManufactureCountry>IL</ManufactureCountry>
      <ManufacturerItemDescription>ברוקולי מוקפא</ManufacturerItemDescription>
      <UnitQty>גרמים</UnitQty>
      <Quantity>800.00</Quantity>
      <bIsWeighted>0</bIsWeighted>
      <UnitOfMeasure>100 גרם</UnitOfMeasure>
      <QtyInPackage>0</QtyInPackage>
      <ItemPrice>28.90</ItemPrice>
      <UnitOfMeasurePrice>3.61</UnitOfMeasurePrice>
      <AllowDiscount>1</AllowDiscount>
      <ItemStatus>1</ItemStatus>
    </Item>
    <Item>
      <PriceUpdateDate>2017-02-07 07:16</PriceUpdateDate>
      <ItemCode>7290000110844</ItemCode>
      <ItemType>1</ItemType>
      <ItemName>כיפלי גריל 70 גרם</ItemName>
      <ManufacturerName>יוניליוור</ManufacturerName>
      <ManufactureCountry>IL</ManufactureCountry>
      <ManufacturerItemDescription>כיפלי בטעם גריל</ManufacturerItemDescription>
      <UnitQty>גרמים</UnitQty>
      <Quantity>70.00</Quantity>
      <bIsWeighted>0</bIsWeighted>
      <UnitOfMeasure>100 גרם</UnitOfMeasure>
      <QtyInPackage>0</QtyInPackage>
      <ItemPrice>6.50</ItemPrice>
      <UnitOfMeasurePrice>9.29</UnitOfMeasurePrice>
      <AllowDiscount>1</AllowDiscount>
      <ItemStatus>1</ItemStatus>
    </Item>
    <Item>
      <PriceUpdateDate>2017-02-07 07:16</PriceUpdateDate>
      <ItemCode>7290000110851</ItemCode>
      <ItemType>1</ItemType>
      <ItemName>כיפלי בצל 70 גרם</ItemName>
      <ManufacturerName>יוניליוור</ManufacturerName>
      <ManufactureCountry>IL</ManufactureCountry>
      <ManufacturerItemDescription>כיפלי בטעם בצל</ManufacturerItemDescription>
      <UnitQty>גרמים</UnitQty>
      <Quantity>70.00</Quantity>
      <bIsWeighted>0</bIsWeighted>
      <UnitOfMeasure>100 גרם</UnitOfMeasure>
      <QtyInPackage>0</QtyInPackage>
      <ItemPrice>6.50</ItemPrice>
      <UnitOfMeasurePrice>9.29</UnitOfMeasurePrice>
      <AllowDiscount>1</AllowDiscount>
      <ItemStatus>1</ItemStatus>
    </Item>
    <Item>
      <PriceUpdateDate>2017-02-07 07:16</PriceUpdateDate>
      <ItemCode>7290000111063</ItemCode>
      <ItemType>1</ItemType>
      <ItemName>מיונז תלמה אמיתי250 גרם</ItemName>
      <ManufacturerName>יוניליוור ישראל מזון בע\</ManufacturerName>
      <ManufactureCountry>IL</ManufactureCountry>
      <ManufacturerItemDescription>מיונז אמיתי תלמה</ManufacturerItemDescription>
      <UnitQty>גרמים</UnitQty>
      <Quantity>250.00</Quantity>
      <bIsWeighted>0</bIsWeighted>
      <UnitOfMeasure>100 גרם</UnitOfMeasure>
      <QtyInPackage>0</QtyInPackage>
      <ItemPrice>7.90</ItemPrice>
      <UnitOfMeasurePrice>3.16</UnitOfMeasurePrice>
      <AllowDiscount>1</AllowDiscount>
      <ItemStatus>1</ItemStatus>
    </Item>
    <Item>
      <PriceUpdateDate>2015-09-30 08:07</PriceUpdateDate>
      <ItemCode>7290000111186</ItemCode>
      <ItemType>1</ItemType>
      <ItemName>מיונז אמיתי תלמה 500 גרם</ItemName>
      <ManufacturerName>יוניליוור ישראל מזון בע\</ManufacturerName>
      <ManufactureCountry>IL</ManufactureCountry>
      <ManufacturerItemDescription>מיונז אמיתי תלמה</ManufacturerItemDescription>
      <UnitQty>גרמים</UnitQty>
      <Quantity>500.00</Quantity>
      <bIsWeighted>0</bIsWeighted>
      <UnitOfMeasure>100 גרם</UnitOfMeasure>
      <QtyInPackage>0</QtyInPackage>
      <ItemPrice>10.40</ItemPrice>
      <UnitOfMeasurePrice>2.08</UnitOfMeasurePrice>
      <AllowDiscount>1</AllowDiscount>
      <ItemStatus>1</ItemStatus>
    </Item>
    <Item>
      <PriceUpdateDate>2016-02-09 06:51</PriceUpdateDate>
      <ItemCode>7290000111360</ItemCode>
      <ItemType>1</ItemType>
      <ItemName>חרדל אמיתי תלמה 250 גרם</ItemName>
      <ManufacturerName>יוניליוור</ManufacturerName>
      <ManufactureCountry>IL</ManufactureCountry>
      <ManufacturerItemDescription>חרדל אמיתי תלמה</ManufacturerItemDescription>
      <UnitQty>גרמים</UnitQty>
      <Quantity>250.00</Quantity>
      <bIsWeighted>0</bIsWeighted>
      <UnitOfMeasure>100 גרם</UnitOfMeasure>
      <QtyInPackage>0</QtyInPackage>
      <ItemPrice>6.90</ItemPrice>
      <UnitOfMeasurePrice>2.76</UnitOfMeasurePrice>
      <AllowDiscount>1</AllowDiscount>
      <ItemStatus>1</ItemStatus>
    </Item>
    <Item>
      <PriceUpdateDate>2020-06-23 09:24</PriceUpdateDate>
      <ItemCode>7290000112220</ItemCode>
      <ItemType>1</ItemType>
      <ItemName>טחינה גולמית 100% 500 גר</ItemName>
      <ManufacturerName>רושדי תעשיות מזון בע"\מ</ManufacturerName>
      <ManufactureCountry>IL</ManufactureCountry>
      <ManufacturerItemDescription>טחינה גולמית</ManufacturerItemDescription>
      <UnitQty>גרמים</UnitQty>
      <Quantity>500.00</Quantity>
      <bIsWeighted>0</bIsWeighted>
      <UnitOfMeasure>100 גרם</UnitOfMeasure>
      <QtyInPackage>0</QtyInPackage>
      <ItemPrice>17.20</ItemPrice>
      <UnitOfMeasurePrice>3.44</UnitOfMeasurePrice>
      <AllowDiscount>1</AllowDiscount>
      <ItemStatus>1</ItemStatus>
    </Item>
    <Item>
      <PriceUpdateDate>2018-01-30 11:39</PriceUpdateDate>
      <ItemCode>7290000112497</ItemCode>
      <ItemType>1</ItemType>
      <ItemName>מ.עשיר עוף איטר.קנור68גר</ItemName>
      <ManufacturerName>יוניליוור ישראל מזון בע\</ManufacturerName>
      <ManufactureCountry>IL</ManufactureCountry>
      <ManufacturerItemDescription>מרק עוף איטריות</ManufacturerItemDescription>
      <UnitQty>גרמים</UnitQty>
      <Quantity>68.00</Quantity>
      <bIsWeighted>0</bIsWeighted>
      <UnitOfMeasure>100 גרם</UnitOfMeasure>
      <QtyInPackage>0</QtyInPackage>
      <ItemPrice>10.20</ItemPrice>
      <UnitOfMeasurePrice>15.00</UnitOfMeasurePrice>
      <AllowDiscount>1</AllowDiscount>
      <ItemStatus>1</ItemStatus>
    </Item>
    <Item>
      <PriceUpdateDate>2015-09-30 08:07</PriceUpdateDate>
      <ItemCode>7290000117720</ItemCode>
      <ItemType>1</ItemType>
      <ItemName>מרק נמס בכוס פטריות 43גר</ItemName>
      <ManufacturerName>יוניליוור</ManufacturerName>
      <ManufactureCountry>IL</ManufactureCountry>
      <ManufacturerItemDescription>מרק נמס בכוס</ManufacturerItemDescription>
      <UnitQty>גרמים</UnitQty>
      <Quantity>43.00</Quantity>
      <bIsWeighted>0</bIsWeighted>
      <UnitOfMeasure>100 גרם</UnitOfMeasure>
      <QtyInPackage>0</QtyInPackage>
      <ItemPrice>7.80</ItemPrice>
      <UnitOfMeasurePrice>18.14</UnitOfMeasurePrice>
      <AllowDiscount>1</AllowDiscount>
      <ItemStatus>1</ItemStatus>
    </Item>
    <Item>
      <PriceUpdateDate>2015-09-30 08:07</PriceUpdateDate>
      <ItemCode>7290000118277</ItemCode>
      <ItemType>1</ItemType>
      <ItemName>קניידלך כופתאות מצה65*2ג</ItemName>
      <ManufacturerName>יוניליוור ישראל מזון בע\</ManufacturerName>
      <ManufactureCountry>IL</ManufactureCountry>
      <ManufacturerItemDescription>אבקה לקניידלך</ManufacturerItemDescription>
      <UnitQty>גרמים</UnitQty>
      <Quantity>130.00</Quantity>
      <bIsWeighted>0</bIsWeighted>
      <UnitOfMeasure>100 גרם</UnitOfMeasure>
      <QtyInPackage>0</QtyInPackage>
      <ItemPrice>11.80</ItemPrice>
      <UnitOfMeasurePrice>9.08</UnitOfMeasurePrice>
      <AllowDiscount>1</AllowDiscount>
      <ItemStatus>1</ItemStatus>
    </Item>
    <Item>
      <PriceUpdateDate>2018-01-30 11:39</PriceUpdateDate>
      <ItemCode>7290000120836</ItemCode>
      <ItemType>1</ItemType>
      <ItemName>מיונז הלמנס 394 גרם</ItemName>
      <ManufacturerName>יוניליוור</ManufacturerName>
      <ManufactureCountry>CA</ManufactureCountry>
      <ManufacturerItemDescription>מיונז הלמנס</ManufacturerItemDescription>
      <UnitQty>גרמים</UnitQty>
      <Quantity>394.00</Quantity>
      <bIsWeighted>0</bIsWeighted>
      <UnitOfMeasure>100 גרם</UnitOfMeasure>
      <QtyInPackage>0</QtyInPackage>
      <ItemPrice>12.80</ItemPrice>
      <UnitOfMeasurePrice>3.25</UnitOfMeasurePrice>
      <AllowDiscount>1</AllowDiscount>
      <ItemStatus>1</ItemStatus>
    </Item>
    <Item>
      <PriceUpdateDate>2018-01-30 11:39</PriceUpdateDate>
      <ItemCode>7290000120874</ItemCode>
      <ItemType>1</ItemType>
      <ItemName>מיונז הלמנס לייט 424 גרם</ItemName>
      <ManufacturerName>יוניליוור</ManufacturerName>
      <ManufactureCountry>US</ManufactureCountry>
      <ManufacturerItemDescription>מיונז הלמנס</ManufacturerItemDescription>
      <UnitQty>גרמים</UnitQty>
      <Quantity>424.00</Quantity>
      <bIsWeighted>0</bIsWeighted>
      <UnitOfMeasure>100 גרם</UnitOfMeasure>
      <QtyInPackage>0</QtyInPackage>
      <ItemPrice>12.80</ItemPrice>
      <UnitOfMeasurePrice>3.02</UnitOfMeasurePrice>
      <AllowDiscount>1</AllowDiscount>
      <ItemStatus>1</ItemStatus>
    </Item>
    <Item>
      <PriceUpdateDate>2016-02-08 09:48</PriceUpdateDate>
      <ItemCode>7290000121031</ItemCode>
      <ItemType>1</ItemType>
      <ItemName>גב.מותכת למריחה 14% 120ג</ItemName>
      <ManufacturerName>נטו</ManufacturerName>
      <ManufactureCountry>IL</ManufactureCountry>
      <ManufacturerItemDescription>גבינה מותכת</ManufacturerItemDescription>
      <UnitQty>גרמים</UnitQty>
      <Quantity>120.00</Quantity>
      <bIsWeighted>0</bIsWeighted>
      <UnitOfMeasure>100 גרם</UnitOfMeasure>
      <QtyInPackage>0</QtyInPackage>
      <ItemPrice>12.90</ItemPrice>
      <UnitOfMeasurePrice>10.75</UnitOfMeasurePrice>
      <AllowDiscount>1</AllowDiscount>
      <ItemStatus>1</ItemStatus>
    </Item>
    <Item>
      <PriceUpdateDate>2017-06-06 06:48</PriceUpdateDate>
      <ItemCode>7290000121055</ItemCode>
      <ItemType>1</ItemType>
      <ItemName>גבינת טעם טוב 7%</ItemName>
      <ManufacturerName />
      <ManufactureCountry>IL</ManufactureCountry>
      <ManufacturerItemDescription>גבינת טעם טוב 7%</ManufacturerItemDescription>
      <UnitQty>גרמים</UnitQty>
      <Quantity>100.00</Quantity>
      <bIsWeighted>0</bIsWeighted>
      <UnitOfMeasure>100 גרם</UnitOfMeasure>
      <QtyInPackage>0</QtyInPackage>
      <ItemPrice>9.80</ItemPrice>
      <UnitOfMeasurePrice>9.80</UnitOfMeasurePrice>
      <AllowDiscount>1</AllowDiscount>
      <ItemStatus>1</ItemStatus>
    </Item>
    <Item>
      <PriceUpdateDate>2016-02-08 09:48</PriceUpdateDate>
      <ItemCode>7290000121079</ItemCode>
      <ItemType>1</ItemType>
      <ItemName>גבינת מון בלאן שמיר 120ג</ItemName>
      <ManufacturerName>נטו</ManufacturerName>
      <ManufactureCountry>IL</ManufactureCountry>
      <ManufacturerItemDescription>גבינת מון בלאן</ManufacturerItemDescription>
      <UnitQty>גרמים</UnitQty>
      <Quantity>120.00</Quantity>
      <bIsWeighted>0</bIsWeighted>
      <UnitOfMeasure>100 גרם</UnitOfMeasure>
      <QtyInPackage>0</QtyInPackage>
      <ItemPrice>12.90</ItemPrice>
      <UnitOfMeasurePrice>10.75</UnitOfMeasurePrice>
      <AllowDiscount>1</AllowDiscount>
      <ItemStatus>1</ItemStatus>
    </Item>
    <Item>
      <PriceUpdateDate>2016-02-08 09:48</PriceUpdateDate>
      <ItemCode>7290000121109</ItemCode>
      <ItemType>1</ItemType>
      <ItemName>גבינה מון בלאן+זיתים120ג</ItemName>
      <ManufacturerName>נטו</ManufacturerName>
      <ManufactureCountry>IL</ManufactureCountry>
      <ManufacturerItemDescription>גבינת מון בלאן</ManufacturerItemDescription>
      <UnitQty>גרמים</UnitQty>
      <Quantity>120.00</Quantity>
      <bIsWeighted>0</bIsWeighted>
      <UnitOfMeasure>100 גרם</UnitOfMeasure>
      <QtyInPackage>0</QtyInPackage>
      <ItemPrice>12.90</ItemPrice>
      <UnitOfMeasurePrice>10.75</UnitOfMeasurePrice>
      <AllowDiscount>1</AllowDiscount>
      <ItemStatus>1</ItemStatus>
    </Item>
    <Item>
      <PriceUpdateDate>2016-02-08 09:48</PriceUpdateDate>
      <ItemCode>7290000121154</ItemCode>
      <ItemType>1</ItemType>
      <ItemName>מון בלאן לייט +סלמון120ג</ItemName>
      <ManufacturerName>נטו</ManufacturerName>
      <ManufactureCountry>IL</ManufactureCountry>
      <ManufacturerItemDescription>גבינת מון בלאן</ManufacturerItemDescription>
      <UnitQty>גרמים</UnitQty>
      <Quantity>120.00</Quantity>
      <bIsWeighted>0</bIsWeighted>
      <UnitOfMeasure>100 גרם</UnitOfMeasure>
      <QtyInPackage>0</QtyInPackage>
      <ItemPrice>12.90</ItemPrice>
      <UnitOfMeasurePrice>10.75</UnitOfMeasurePrice>
      <AllowDiscount>1</AllowDiscount>
      <ItemStatus>1</ItemStatus>
    </Item>
    <Item>
      <PriceUpdateDate>2020-04-22 11:50</PriceUpdateDate>
      <ItemCode>7290000135052</ItemCode>
      <ItemType>1</ItemType>
      <ItemName>TEN XL בטעם מנגו 250 מ"ל</ItemName>
      <ManufacturerName>טמפו משקאות בע"\מ</ManufacturerName>
      <ManufactureCountry>IL</ManufactureCountry>
      <ManufacturerItemDescription>TEN XL בטעם מנגו</ManufacturerItemDescription>
      <UnitQty>מיליליטרים</UnitQty>
      <Quantity>250.00</Quantity>
      <bIsWeighted>0</bIsWeighted>
      <UnitOfMeasure>100 מ"ל</UnitOfMeasure>
      <QtyInPackage>1</QtyInPackage>
      <ItemPrice>4.30</ItemPrice>
      <UnitOfMeasurePrice>1.72</UnitOfMeasurePrice>
      <AllowDiscount>1</AllowDiscount>
      <ItemStatus>1</ItemStatus>
    </Item>
    <Item>
      <PriceUpdateDate>2020-06-08 08:30</PriceUpdateDate>
      <ItemCode>7290000135175</ItemCode>
      <ItemType>1</ItemType>
      <ItemName>פפסי מקס ליים 330 מ"ל</ItemName>
      <ManufacturerName>אלפא \n S.A</ManufacturerName>
      <ManufactureCountry>AL</ManufactureCountry>
      <ManufacturerItemDescription>פפסי מקס ליים</ManufacturerItemDescription>
      <UnitQty>ליטרים</UnitQty>
      <Quantity>1.98</Quantity>
      <bIsWeighted>0</bIsWeighted>
      <UnitOfMeasure>ליטר</UnitOfMeasure>
      <QtyInPackage>1</QtyInPackage>
      <ItemPrice>6.50</ItemPrice>
      <UnitOfMeasurePrice>3.28</UnitOfMeasurePrice>
      <AllowDiscount>1</AllowDiscount>
      <ItemStatus>1</ItemStatus>
    </Item>
    <Item>
      <PriceUpdateDate>2020-06-30 15:35</PriceUpdateDate>
      <ItemCode>7290000135311</ItemCode>
      <ItemType>1</ItemType>
      <ItemName>פפסי מקס ליים 1.5 ליטר</ItemName>
      <ManufacturerName>טמפו משקאות בע"\מ</ManufacturerName>
      <ManufactureCountry>IL</ManufactureCountry>
      <ManufacturerItemDescription>פפסי מקס ליים</ManufacturerItemDescription>
      <UnitQty>ליטרים</UnitQty>
      <Quantity>1.50</Quantity>
      <bIsWeighted>0</bIsWeighted>
      <UnitOfMeasure>ליטר</UnitOfMeasure>
      <QtyInPackage>1</QtyInPackage>
      <ItemPrice>6.50</ItemPrice>
      <UnitOfMeasurePrice>4.33</UnitOfMeasurePrice>
      <AllowDiscount>1</AllowDiscount>
      <ItemStatus>1</ItemStatus>
    </Item>
    <Item>
      <PriceUpdateDate>2017-10-17 09:07</PriceUpdateDate>
      <ItemCode>7290000143187</ItemCode>
      <ItemType>1</ItemType>
      <ItemName>שמפו הוואי לגבר 700 מ"ל</ItemName>
      <ManufacturerName>טרופיקל דגיל</ManufacturerName>
      <ManufactureCountry>IL</ManufactureCountry>
      <ManufacturerItemDescription>שמפו הוואי לגבר</ManufacturerItemDescription>
      <UnitQty>מיליליטרים</UnitQty>
      <Quantity>700.00</Quantity>
      <bIsWeighted>0</bIsWeighted>
      <UnitOfMeasure>100 מ"ל</UnitOfMeasure>
      <QtyInPackage>0</QtyInPackage>
      <ItemPrice>10.90</ItemPrice>
      <UnitOfMeasurePrice>1.56</UnitOfMeasurePrice>
      <AllowDiscount>1</AllowDiscount>
      <ItemStatus>1</ItemStatus>
    </Item>
    <Item>
      <PriceUpdateDate>2017-10-17 09:07</PriceUpdateDate>
      <ItemCode>7290000143200</ItemCode>
      <ItemType>1</ItemType>
      <ItemName>מרכך הוואי לשיער יבש700מ</ItemName>
      <ManufacturerName>טרופיקל דגיל</ManufacturerName>
      <ManufactureCountry>IL</ManufactureCountry>
      <ManufacturerItemDescription>מרכך שיער הוואי</ManufacturerItemDescription>
      <UnitQty>מיליליטרים</UnitQty>
      <Quantity>700.00</Quantity>
      <bIsWeighted>0</bIsWeighted>
      <UnitOfMeasure>100 מ"ל</UnitOfMeasure>
      <QtyInPackage>0</QtyInPackage>
      <ItemPrice>10.90</ItemPrice>
      <UnitOfMeasurePrice>1.56</UnitOfMeasurePrice>
      <AllowDiscount>1</AllowDiscount>
      <ItemStatus>1</ItemStatus>
    </Item>
    <Item>
      <PriceUpdateDate>2017-10-17 09:07</PriceUpdateDate>
      <ItemCode>7290000143217</ItemCode>
      <ItemType>1</ItemType>
      <ItemName>שמפו הוואי שיער יבש 700מ</ItemName>
      <ManufacturerName>טרופיקל דגיל</ManufacturerName>
      <ManufactureCountry>IL</ManufactureCountry>
      <ManufacturerItemDescription>שמפו הוואי</ManufacturerItemDescription>
      <UnitQty>מיליליטרים</UnitQty>
      <Quantity>700.00</Quantity>
      <bIsWeighted>0</bIsWeighted>
      <UnitOfMeasure>100 מ"ל</UnitOfMeasure>
      <QtyInPackage>0</QtyInPackage>
      <ItemPrice>10.90</ItemPrice>
      <UnitOfMeasurePrice>1.56</UnitOfMeasurePrice>
      <AllowDiscount>1</AllowDiscount>
      <ItemStatus>1</ItemStatus>
    </Item>
    <Item>
      <PriceUpdateDate>2017-10-17 09:07</PriceUpdateDate>
      <ItemCode>7290000143279</ItemCode>
      <ItemType>1</ItemType>
      <ItemName>הוואי שמפו אדום 700 מ"ל</ItemName>
      <ManufacturerName>טרופיקל דגיל</ManufacturerName>
      <ManufactureCountry>IL</ManufactureCountry>
      <ManufacturerItemDescription>שמפו הוואי</ManufacturerItemDescription>
      <UnitQty>מיליליטרים</UnitQty>
      <Quantity>700.00</Quantity>
      <bIsWeighted>0</bIsWeighted>
      <UnitOfMeasure>100 מ"ל</UnitOfMeasure>
      <QtyInPackage>0</QtyInPackage>
      <ItemPrice>10.90</ItemPrice>
      <UnitOfMeasurePrice>1.56</UnitOfMeasurePrice>
      <AllowDiscount>1</AllowDiscount>
      <ItemStatus>1</ItemStatus>
    </Item>
    <Item>
      <PriceUpdateDate>2018-02-21 10:09</PriceUpdateDate>
      <ItemCode>7290000144474</ItemCode>
      <ItemType>1</ItemType>
      <ItemName>שמן קנולה מועשר 1 ליטר</ItemName>
      <ManufacturerName>שמן תעשיות בעמ</ManufacturerName>
      <ManufactureCountry>IL</ManufactureCountry>
      <ManufacturerItemDescription>שמן קנולה</ManufacturerItemDescription>
      <UnitQty>ליטרים</UnitQty>
      <Quantity>1.00</Quantity>
      <bIsWeighted>0</bIsWeighted>
      <UnitOfMeasure>ליטר</UnitOfMeasure>
      <QtyInPackage>0</QtyInPackage>
      <ItemPrice>16.50</ItemPrice>
      <UnitOfMeasurePrice>16.50</UnitOfMeasurePrice>
      <AllowDiscount>1</AllowDiscount>
      <ItemStatus>1</ItemStatus>
    </Item>
    <Item>
      <PriceUpdateDate>2018-02-21 10:09</PriceUpdateDate>
      <ItemCode>7290000148298</ItemCode>
      <ItemType>1</ItemType>
      <ItemName>מיץ תפוזים סחוט קלאסי2ל</ItemName>
      <ManufacturerName>גת</ManufacturerName>
      <ManufactureCountry>IL</ManufactureCountry>
      <ManufacturerItemDescription>מיץ תפוזים סחוט</ManufacturerItemDescription>
      <UnitQty>ליטרים</UnitQty>
      <Quantity>2.00</Quantity>
      <bIsWeighted>0</bIsWeighted>
      <UnitOfMeasure>ליטר</UnitOfMeasure>
      <QtyInPackage>0</QtyInPackage>
      <ItemPrice>26.90</ItemPrice>
      <UnitOfMeasurePrice>13.45</UnitOfMeasurePrice>
      <AllowDiscount>1</AllowDiscount>
      <ItemStatus>1</ItemStatus>
    </Item>
    <Item>
      <PriceUpdateDate>2020-08-04 16:29</PriceUpdateDate>
      <ItemCode>7290000152943</ItemCode>
      <ItemType>1</ItemType>
      <ItemName>פסטרמה + סלמי 2 יח350Xגר</ItemName>
      <ManufacturerName>מוצרי עוף טוב (2001) בע\</ManufacturerName>
      <ManufactureCountry>IL</ManufactureCountry>
      <ManufacturerItemDescription>פסטרמה + סלמי</ManufacturerItemDescription>
      <UnitQty>גרמים</UnitQty>
      <Quantity>700.00</Quantity>
      <bIsWeighted>0</bIsWeighted>
      <UnitOfMeasure>100 גרם</UnitOfMeasure>
      <QtyInPackage>0</QtyInPackage>
      <ItemPrice>27.90</ItemPrice>
      <UnitOfMeasurePrice>3.99</UnitOfMeasurePrice>
      <AllowDiscount>1</AllowDiscount>
      <ItemStatus>1</ItemStatus>
    </Item>
    <Item>
      <PriceUpdateDate>2019-02-06 11:35</PriceUpdateDate>
      <ItemCode>7290000153469</ItemCode>
      <ItemType>1</ItemType>
      <ItemName>קציצות עוף קלאסיות 600גר</ItemName>
      <ManufacturerName>מוצרי עוף טוב (2001) בע"</ManufacturerName>
      <ManufactureCountry>IL</ManufactureCountry>
      <ManufacturerItemDescription>קציצות עוף</ManufacturerItemDescription>
      <UnitQty>גרמים</UnitQty>
      <Quantity>600.00</Quantity>
      <bIsWeighted>0</bIsWeighted>
      <UnitOfMeasure>100 גרם</UnitOfMeasure>
      <QtyInPackage>0</QtyInPackage>
      <ItemPrice>33.40</ItemPrice>
      <UnitOfMeasurePrice>5.57</UnitOfMeasurePrice>
      <AllowDiscount>1</AllowDiscount>
      <ItemStatus>1</ItemStatus>
    </Item>
    <Item>
      <PriceUpdateDate>2019-09-23 09:27</PriceUpdateDate>
      <ItemCode>7290000161631</ItemCode>
      <ItemType>1</ItemType>
      <ItemName>קליק IN במילוי נוגט38גרם</ItemName>
      <ManufacturerName>יוניליוור ישראל מזון בע\</ManufacturerName>
      <ManufactureCountry>IL</ManufactureCountry>
      <ManufacturerItemDescription>קליק IN נוגט</ManufacturerItemDescription>
      <UnitQty>גרמים</UnitQty>
      <Quantity>38.00</Quantity>
      <bIsWeighted>0</bIsWeighted>
      <UnitOfMeasure>100 גרם</UnitOfMeasure>
      <QtyInPackage>0</QtyInPackage>
      <ItemPrice>4.90</ItemPrice>
      <UnitOfMeasurePrice>12.89</UnitOfMeasurePrice>
      <AllowDiscount>1</AllowDiscount>
      <ItemStatus>1</ItemStatus>
    </Item>
    <Item>
      <PriceUpdateDate>2019-09-23 09:27</PriceUpdateDate>
      <ItemCode>7290000161648</ItemCode>
      <ItemType>1</ItemType>
      <ItemName>קליק IN במילוי קרם חלב38</ItemName>
      <ManufacturerName>יוניליוור ישראל מזון בע\</ManufacturerName>
      <ManufactureCountry>IL</ManufactureCountry>
      <ManufacturerItemDescription>קליק IN קרם חל</ManufacturerItemDescription>
      <UnitQty>גרמים</UnitQty>
      <Quantity>38.00</Quantity>
      <bIsWeighted>0</bIsWeighted>
      <UnitOfMeasure>100 גרם</UnitOfMeasure>
      <QtyInPackage>0</QtyInPackage>
      <ItemPrice>4.90</ItemPrice>
      <UnitOfMeasurePrice>12.89</UnitOfMeasurePrice>
      <AllowDiscount>1</AllowDiscount>
      <ItemStatus>1</ItemStatus>
    </Item>
    <Item>
      <PriceUpdateDate>2020-05-25 10:16</PriceUpdateDate>
      <ItemCode>7290000167985</ItemCode>
      <ItemType>1</ItemType>
      <ItemName>דאו.דאב מן קלין 150 מ"ל</ItemName>
      <ManufacturerName>יוניליוור אנגליה, דרך קו</ManufacturerName>
      <ManufactureCountry>GB</ManufactureCountry>
      <ManufacturerItemDescription>דאודורנט דאב מן</ManufacturerItemDescription>
      <UnitQty>מיליליטרים</UnitQty>
      <Quantity>150.00</Quantity>
      <bIsWeighted>0</bIsWeighted>
      <UnitOfMeasure>100 מ"ל</UnitOfMeasure>
      <QtyInPackage>0</QtyInPackage>
      <ItemPrice>21.90</ItemPrice>
      <UnitOfMeasurePrice>14.60</UnitOfMeasurePrice>
      <AllowDiscount>1</AllowDiscount>
      <ItemStatus>1</ItemStatus>
    </Item>
    <Item>
      <PriceUpdateDate>2015-09-30 08:07</PriceUpdateDate>
      <ItemCode>7290000169538</ItemCode>
      <ItemType>1</ItemType>
      <ItemName>נמס בכוס עגבנ.וקרוטונים</ItemName>
      <ManufacturerName>יוניליוור ישראל מזון בע\</ManufacturerName>
      <ManufactureCountry>IL</ManufactureCountry>
      <ManufacturerItemDescription>נמס בכוס</ManufacturerItemDescription>
      <UnitQty>גרמים</UnitQty>
      <Quantity>62.00</Quantity>
      <bIsWeighted>0</bIsWeighted>
      <UnitOfMeasure>100 גרם</UnitOfMeasure>
      <QtyInPackage>0</QtyInPackage>
      <ItemPrice>7.80</ItemPrice>
      <UnitOfMeasurePrice>12.58</UnitOfMeasurePrice>
      <AllowDiscount>1</AllowDiscount>
      <ItemStatus>1</ItemStatus>
    </Item>
    <Item>
      <PriceUpdateDate>2015-08-10 19:12</PriceUpdateDate>
      <ItemCode>7290000170053</ItemCode>
      <ItemType>1</ItemType>
      <ItemName>שוקולד פרה חלב 100 גרם</ItemName>
      <ManufacturerName>עלית</ManufacturerName>
      <ManufactureCountry>IL</ManufactureCountry>
      <ManufacturerItemDescription>שוקולד פרה חלב</ManufacturerItemDescription>
      <UnitQty>גרמים</UnitQty>
      <Quantity>100.00</Quantity>
      <bIsWeighted>0</bIsWeighted>
      <UnitOfMeasure>100 גרם</UnitOfMeasure>
      <QtyInPackage>0</QtyInPackage>
      <ItemPrice>6.00</ItemPrice>
      <UnitOfMeasurePrice>6.00</UnitOfMeasurePrice>
      <AllowDiscount>1</AllowDiscount>
      <ItemStatus>1</ItemStatus>
    </Item>
    <Item>
      <PriceUpdateDate>2015-08-10 19:12</PriceUpdateDate>
      <ItemCode>7290000170077</ItemCode>
      <ItemType>1</ItemType>
      <ItemName>שוק.מריר 100 גרם</ItemName>
      <ManufacturerName>עלית</ManufacturerName>
      <ManufactureCountry>IL</ManufactureCountry>
      <ManufacturerItemDescription>שוקולד מריר</ManufacturerItemDescription>
      <UnitQty>גרמים</UnitQty>
      <Quantity>100.00</Quantity>
      <bIsWeighted>0</bIsWeighted>
      <UnitOfMeasure>100 גרם</UnitOfMeasure>
      <QtyInPackage>0</QtyInPackage>
      <ItemPrice>6.00</ItemPrice>
      <UnitOfMeasurePrice>6.00</UnitOfMeasurePrice>
      <AllowDiscount>1</AllowDiscount>
      <ItemStatus>1</ItemStatus>
    </Item>
    <Item>
      <PriceUpdateDate>2015-08-10 19:12</PriceUpdateDate>
      <ItemCode>7290000170275</ItemCode>
      <ItemType>1</ItemType>
      <ItemName>שוקולד ממולא קרם נוגט100</ItemName>
      <ManufacturerName>עלית</ManufacturerName>
      <ManufactureCountry>IL</ManufactureCountry>
      <ManufacturerItemDescription>שוקולד ממולא</ManufacturerItemDescription>
      <UnitQty>גרמים</UnitQty>
      <Quantity>100.00</Quantity>
      <bIsWeighted>0</bIsWeighted>
      <UnitOfMeasure>100 גרם</UnitOfMeasure>
      <QtyInPackage>0</QtyInPackage>
      <ItemPrice>6.60</ItemPrice>
      <UnitOfMeasurePrice>6.60</UnitOfMeasurePrice>
      <AllowDiscount>1</AllowDiscount>
      <ItemStatus>1</ItemStatus>
    </Item>
    <Item>
      <PriceUpdateDate>2014-07-21 07:21</PriceUpdateDate>
      <ItemCode>7290000171470</ItemCode>
      <ItemType>1</ItemType>
      <ItemName>כיף כף 45 גרם</ItemName>
      <ManufacturerName>עלית</ManufacturerName>
      <ManufactureCountry>IL</ManufactureCountry>
      <ManufacturerItemDescription>כיף כף</ManufacturerItemDescription>
      <UnitQty>גרמים</UnitQty>
      <Quantity>45.00</Quantity>
      <bIsWeighted>0</bIsWeighted>
      <UnitOfMeasure>100 גרם</UnitOfMeasure>
      <QtyInPackage>0</QtyInPackage>
      <ItemPrice>4.50</ItemPrice>
      <UnitOfMeasurePrice>10.00</UnitOfMeasurePrice>
      <AllowDiscount>1</AllowDiscount>
      <ItemStatus>1</ItemStatus>
    </Item>
    <Item>
      <PriceUpdateDate>2015-09-30 08:09</PriceUpdateDate>
      <ItemCode>7290000174037</ItemCode>
      <ItemType>1</ItemType>
      <ItemName>בפלות בטעם לימון 500 גרם</ItemName>
      <ManufacturerName>עלית</ManufacturerName>
      <ManufactureCountry>IL</ManufactureCountry>
      <ManufacturerItemDescription>בפלות בטעם לימון</ManufacturerItemDescription>
      <UnitQty>גרמים</UnitQty>
      <Quantity>500.00</Quantity>
      <bIsWeighted>0</bIsWeighted>
      <UnitOfMeasure>100 גרם</UnitOfMeasure>
      <QtyInPackage>0</QtyInPackage>
      <ItemPrice>13.90</ItemPrice>
      <UnitOfMeasurePrice>2.78</UnitOfMeasurePrice>
      <AllowDiscount>1</AllowDiscount>
      <ItemStatus>1</ItemStatus>
    </Item>
    <Item>
      <PriceUpdateDate>2015-09-30 08:09</PriceUpdateDate>
      <ItemCode>7290000174099</ItemCode>
      <ItemType>1</ItemType>
      <ItemName>בפלות בטעם שוקולד 500 גר</ItemName>
      <ManufacturerName>עלית</ManufacturerName>
      <ManufactureCountry>IL</ManufactureCountry>
      <ManufacturerItemDescription>בפלות טעם שוקולד</ManufacturerItemDescription>
      <UnitQty>גרמים</UnitQty>
      <Quantity>500.00</Quantity>
      <bIsWeighted>0</bIsWeighted>
      <UnitOfMeasure>100 גרם</UnitOfMeasure>
      <QtyInPackage>0</QtyInPackage>
      <ItemPrice>13.90</ItemPrice>
      <UnitOfMeasurePrice>2.78</UnitOfMeasurePrice>
      <AllowDiscount>1</AllowDiscount>
      <ItemStatus>1</ItemStatus>
    </Item>
    <Item>
      <PriceUpdateDate>2016-02-02 06:49</PriceUpdateDate>
      <ItemCode>7290000174723</ItemCode>
      <ItemType>1</ItemType>
      <ItemName>שוקולית בפחית עלית 500גר</ItemName>
      <ManufacturerName>שטראוס קפה בי.וי.</ManufacturerName>
      <ManufactureCountry>IL</ManufactureCountry>
      <ManufacturerItemDescription>שוקולית</ManufacturerItemDescription>
      <UnitQty>גרמים</UnitQty>
      <Quantity>500.00</Quantity>
      <bIsWeighted>0</bIsWeighted>
      <UnitOfMeasure>100 גרם</UnitOfMeasure>
      <QtyInPackage>0</QtyInPackage>
      <ItemPrice>13.90</ItemPrice>
      <UnitOfMeasurePrice>2.78</UnitOfMeasurePrice>
      <AllowDiscount>1</AllowDiscount>
      <ItemStatus>1</ItemStatus>
    </Item>
    <Item>
      <PriceUpdateDate>2015-12-08 06:58</PriceUpdateDate>
      <ItemCode>7290000176062</ItemCode>
      <ItemType>1</ItemType>
      <ItemName>קפה טורקי בצלופן 100 גרם</ItemName>
      <ManufacturerName>שטראוס קפה בי.ויn\.</ManufacturerName>
      <ManufactureCountry>IL</ManufactureCountry>
      <ManufacturerItemDescription>קפה טורקי בצלופן</ManufacturerItemDescription>
      <UnitQty>גרמים</UnitQty>
      <Quantity>100.00</Quantity>
      <bIsWeighted>0</bIsWeighted>
      <UnitOfMeasure>100 גרם</UnitOfMeasure>
      <QtyInPackage>0</QtyInPackage>
      <ItemPrice>9.50</ItemPrice>
      <UnitOfMeasurePrice>9.50</UnitOfMeasurePrice>
      <AllowDiscount>1</AllowDiscount>
      <ItemStatus>1</ItemStatus>
    </Item>
    <Item>
      <PriceUpdateDate>2017-02-07 07:16</PriceUpdateDate>
      <ItemCode>7290000176079</ItemCode>
      <ItemType>1</ItemType>
      <ItemName>קפה טורקי עם הל 100 גרם</ItemName>
      <ManufacturerName>שטראוס קפה בי.ויn\.</ManufacturerName>
      <ManufactureCountry>IL</ManufactureCountry>
      <ManufacturerItemDescription>קפה טורקי עם הל</ManufacturerItemDescription>
      <UnitQty>גרמים</UnitQty>
      <Quantity>100.00</Quantity>
      <bIsWeighted>0</bIsWeighted>
      <UnitOfMeasure>100 גרם</UnitOfMeasure>
      <QtyInPackage>0</QtyInPackage>
      <ItemPrice>9.90</ItemPrice>
      <UnitOfMeasurePrice>9.90</UnitOfMeasurePrice>
      <AllowDiscount>1</AllowDiscount>
      <ItemStatus>1</ItemStatus>
    </Item>
    <Item>
      <PriceUpdateDate>2017-02-07 07:16</PriceUpdateDate>
      <ItemCode>7290000176413</ItemCode>
      <ItemType>1</ItemType>
      <ItemName>קפה נמס 50 גרם</ItemName>
      <ManufacturerName>שטראוס קפה בי.וי</ManufacturerName>
      <ManufactureCountry>IL</ManufactureCountry>
      <ManufacturerItemDescription>קפה נמס</ManufacturerItemDescription>
      <UnitQty>גרמים</UnitQty>
      <Quantity>50.00</Quantity>
      <bIsWeighted>0</bIsWeighted>
      <UnitOfMeasure>100 גרם</UnitOfMeasure>
      <QtyInPackage>0</QtyInPackage>
      <ItemPrice>10.90</ItemPrice>
      <UnitOfMeasurePrice>21.80</UnitOfMeasurePrice>
      <AllowDiscount>1</AllowDiscount>
      <ItemStatus>1</ItemStatus>
    </Item>
    <Item>
      <PriceUpdateDate>2017-12-05 11:57</PriceUpdateDate>
      <ItemCode>7290000176420</ItemCode>
      <ItemType>1</ItemType>
      <ItemName>קפה נמס 200 גרם</ItemName>
      <ManufacturerName>שטראוס קפה בי.וי</ManufacturerName>
      <ManufactureCountry>IL</ManufactureCountry>
      <ManufacturerItemDescription>קפה נמס</ManufacturerItemDescription>
      <UnitQty>גרמים</UnitQty>
      <Quantity>200.00</Quantity>
      <bIsWeighted>0</bIsWeighted>
      <UnitOfMeasure>100 גרם</UnitOfMeasure>
      <QtyInPackage>0</QtyInPackage>
      <ItemPrice>21.90</ItemPrice>
      <UnitOfMeasurePrice>10.95</UnitOfMeasurePrice>
      <AllowDiscount>1</AllowDiscount>
      <ItemStatus>1</ItemStatus>
    </Item>
    <Item>
      <PriceUpdateDate>2018-02-21 10:09</PriceUpdateDate>
      <ItemCode>7290000178707</ItemCode>
      <ItemType>1</ItemType>
      <ItemName>תפוצ'יפס בטעם טבעי 50 גר</ItemName>
      <ManufacturerName>שטראוס פריטו ליי בע"\מ )</ManufacturerName>
      <ManufactureCountry>IL</ManufactureCountry>
      <ManufacturerItemDescription>חטיף תפוצ'יפס</ManufacturerItemDescription>
      <UnitQty>גרמים</UnitQty>
      <Quantity>50.00</Quantity>
      <bIsWeighted>0</bIsWeighted>
      <UnitOfMeasure>100 גרם</UnitOfMeasure>
      <QtyInPackage>0</QtyInPackage>
      <ItemPrice>4.30</ItemPrice>
      <UnitOfMeasurePrice>8.60</UnitOfMeasurePrice>
      <AllowDiscount>1</AllowDiscount>
      <ItemStatus>1</ItemStatus>
    </Item>
    <Item>
      <PriceUpdateDate>2017-02-07 07:16</PriceUpdateDate>
      <ItemCode>7290000178721</ItemCode>
      <ItemType>1</ItemType>
      <ItemName>תפוצי'פס טבעי 200 גרם</ItemName>
      <ManufacturerName>שטראוס פריטו ליי בע"\מ )</ManufacturerName>
      <ManufactureCountry>IL</ManufactureCountry>
      <ManufacturerItemDescription>תפוצי'פס טבעי</ManufacturerItemDescription>
      <UnitQty>גרמים</UnitQty>
      <Quantity>200.00</Quantity>
      <bIsWeighted>0</bIsWeighted>
      <UnitOfMeasure>100 גרם</UnitOfMeasure>
      <QtyInPackage>0</QtyInPackage>
      <ItemPrice>10.90</ItemPrice>
      <UnitOfMeasurePrice>5.45</UnitOfMeasurePrice>
      <AllowDiscount>1</AllowDiscount>
      <ItemStatus>1</ItemStatus>
    </Item>
    <Item>
      <PriceUpdateDate>2015-08-10 19:12</PriceUpdateDate>
      <ItemCode>7290000180212</ItemCode>
      <ItemType>1</ItemType>
      <ItemName>שוקולד מריר אגוז 100 גרם</ItemName>
      <ManufacturerName>עלית</ManufacturerName>
      <ManufactureCountry>IL</ManufactureCountry>
      <ManufacturerItemDescription>שוקולד מריר</ManufacturerItemDescription>
      <UnitQty>גרמים</UnitQty>
      <Quantity>100.00</Quantity>
      <bIsWeighted>0</bIsWeighted>
      <UnitOfMeasure>100 גרם</UnitOfMeasure>
      <QtyInPackage>0</QtyInPackage>
      <ItemPrice>6.60</ItemPrice>
      <UnitOfMeasurePrice>6.60</UnitOfMeasurePrice>
      <AllowDiscount>1</AllowDiscount>
      <ItemStatus>1</ItemStatus>
    </Item>
    <Item>
      <PriceUpdateDate>2018-01-02 16:14</PriceUpdateDate>
      <ItemCode>7290000181103</ItemCode>
      <ItemType>1</ItemType>
      <ItemName>ביסקויט בשוקולד חלב 200ג</ItemName>
      <ManufacturerName>עלית</ManufacturerName>
      <ManufactureCountry>IL</ManufactureCountry>
      <ManufacturerItemDescription>ביסקויט מצופה</ManufacturerItemDescription>
      <UnitQty>גרמים</UnitQty>
      <Quantity>200.00</Quantity>
      <bIsWeighted>0</bIsWeighted>
      <UnitOfMeasure>100 גרם</UnitOfMeasure>
      <QtyInPackage>0</QtyInPackage>
      <ItemPrice>14.80</ItemPrice>
      <UnitOfMeasurePrice>7.40</UnitOfMeasurePrice>
      <AllowDiscount>1</AllowDiscount>
      <ItemStatus>1</ItemStatus>
    </Item>
    <Item>
      <PriceUpdateDate>2019-07-24 08:21</PriceUpdateDate>
      <ItemCode>7290000187860</ItemCode>
      <ItemType>1</ItemType>
      <ItemName>לילי לח פיור</ItemName>
      <ManufacturerName>חוגלה קימברלי</ManufacturerName>
      <ManufactureCountry>IL</ManufactureCountry>
      <ManufacturerItemDescription>נ.טואלט לח פיור</ManufacturerItemDescription>
      <UnitQty>יחידה</UnitQty>
      <Quantity>1.00</Quantity>
      <bIsWeighted>0</bIsWeighted>
      <UnitOfMeasure>יחידה</UnitOfMeasure>
      <QtyInPackage>0</QtyInPackage>
      <ItemPrice>8.90</ItemPrice>
      <UnitOfMeasurePrice>8.90</UnitOfMeasurePrice>
      <AllowDiscount>1</AllowDiscount>
      <ItemStatus>1</ItemStatus>
    </Item>
    <Item>
      <PriceUpdateDate>2020-08-04 16:29</PriceUpdateDate>
      <ItemCode>7290000187952</ItemCode>
      <ItemType>1</ItemType>
      <ItemName>נ.ט. לילי טריפל ורוד</ItemName>
      <ManufacturerName>חוגלה קימברלי</ManufacturerName>
      <ManufactureCountry>IL</ManufactureCountry>
      <ManufacturerItemDescription>נייר טואלט טריו</ManufacturerItemDescription>
      <UnitQty>מטרים</UnitQty>
      <Quantity>537.00</Quantity>
      <bIsWeighted>0</bIsWeighted>
      <UnitOfMeasure>100 מטר</UnitOfMeasure>
      <QtyInPackage>0</QtyInPackage>
      <ItemPrice>43.90</ItemPrice>
      <UnitOfMeasurePrice>8.18</UnitOfMeasurePrice>
      <AllowDiscount>1</AllowDiscount>
      <ItemStatus>1</ItemStatus>
    </Item>
    <Item>
      <PriceUpdateDate>2017-10-17 09:07</PriceUpdateDate>
      <ItemCode>7290000189659</ItemCode>
      <ItemType>1</ItemType>
      <ItemName>10מטליות רצפה לחות ניקול</ItemName>
      <ManufacturerName>חוגלה קימברלי</ManufacturerName>
      <ManufactureCountry>IL</ManufactureCountry>
      <ManufacturerItemDescription>מטליות רצפה לחות</ManufacturerItemDescription>
      <UnitQty>יחידה</UnitQty>
      <Quantity>1.00</Quantity>
      <bIsWeighted>0</bIsWeighted>
      <UnitOfMeasure>יחידה</UnitOfMeasure>
      <QtyInPackage>0</QtyInPackage>
      <ItemPrice>12.50</ItemPrice>
      <UnitOfMeasurePrice>12.50</UnitOfMeasurePrice>
      <AllowDiscount>1</AllowDiscount>
      <ItemStatus>1</ItemStatus>
    </Item>
    <Item>
      <PriceUpdateDate>2018-06-26 15:17</PriceUpdateDate>
      <ItemCode>7290000191546</ItemCode>
      <ItemType>1</ItemType>
      <ItemName>מגבוני לילי צבעוני 90*3י</ItemName>
      <ManufacturerName>חוגלה קימברלי</ManufacturerName>
      <ManufactureCountry>IL</ManufactureCountry>
      <ManufacturerItemDescription>לילי צבעוני90*3</ManufacturerItemDescription>
      <UnitQty>יחידה</UnitQty>
      <Quantity>1.00</Quantity>
      <bIsWeighted>0</bIsWeighted>
      <UnitOfMeasure>יחידה</UnitOfMeasure>
      <QtyInPackage>0</QtyInPackage>
      <ItemPrice>9.70</ItemPrice>
      <UnitOfMeasurePrice>9.70</UnitOfMeasurePrice>
      <AllowDiscount>1</AllowDiscount>
      <ItemStatus>1</ItemStatus>
    </Item>
    <Item>
      <PriceUpdateDate>2017-02-08 08:34</PriceUpdateDate>
      <ItemCode>7290000196763</ItemCode>
      <ItemType>1</ItemType>
      <ItemName>שקיות אשפה חזקות L ניקול</ItemName>
      <ManufacturerName>אשפלסט</ManufacturerName>
      <ManufactureCountry>IL</ManufactureCountry>
      <ManufacturerItemDescription>שקיות אשפה</ManufacturerItemDescription>
      <UnitQty>יחידה</UnitQty>
      <Quantity>1.00</Quantity>
      <bIsWeighted>0</bIsWeighted>
      <UnitOfMeasure>יחידה</UnitOfMeasure>
      <QtyInPackage>0</QtyInPackage>
      <ItemPrice>28.50</ItemPrice>
      <UnitOfMeasurePrice>28.50</UnitOfMeasurePrice>
      <AllowDiscount>1</AllowDiscount>
      <ItemStatus>1</ItemStatus>
    </Item>
    <Item>
      <PriceUpdateDate>2020-08-04 16:29</PriceUpdateDate>
      <ItemCode>7290000197456</ItemCode>
      <ItemType>1</ItemType>
      <ItemName>האגיס פרידום דריי מידה 4</ItemName>
      <ManufacturerName>חוגלה קימברלי</ManufacturerName>
      <ManufactureCountry>IL</ManufactureCountry>
      <ManufacturerItemDescription>חיתולי האגיס</ManufacturerItemDescription>
      <UnitQty>יחידה</UnitQty>
      <Quantity>1.00</Quantity>
      <bIsWeighted>0</bIsWeighted>
      <UnitOfMeasure>יחידה</UnitOfMeasure>
      <QtyInPackage>0</QtyInPackage>
      <ItemPrice>43.90</ItemPrice>
      <UnitOfMeasurePrice>43.90</UnitOfMeasurePrice>
      <AllowDiscount>1</AllowDiscount>
      <ItemStatus>1</ItemStatus>
    </Item>
    <Item>
      <PriceUpdateDate>2020-08-04 16:29</PriceUpdateDate>
      <ItemCode>7290000197463</ItemCode>
      <ItemType>1</ItemType>
      <ItemName>האגיס פרידום דריי +4</ItemName>
      <ManufacturerName>חוגלה קימברלי</ManufacturerName>
      <ManufactureCountry>IL</ManufactureCountry>
      <ManufacturerItemDescription>חיתולי האגיס</ManufacturerItemDescription>
      <UnitQty>יחידה</UnitQty>
      <Quantity>1.00</Quantity>
      <bIsWeighted>0</bIsWeighted>
      <UnitOfMeasure>יחידה</UnitOfMeasure>
      <QtyInPackage>0</QtyInPackage>
      <ItemPrice>43.90</ItemPrice>
      <UnitOfMeasurePrice>43.90</UnitOfMeasurePrice>
      <AllowDiscount>1</AllowDiscount>
      <ItemStatus>1</ItemStatus>
    </Item>
    <Item>
      <PriceUpdateDate>2020-08-04 16:29</PriceUpdateDate>
      <ItemCode>7290000199313</ItemCode>
      <ItemType>1</ItemType>
      <ItemName>תחבושות קוטקס יאנג</ItemName>
      <ManufacturerName>קימברלי קלארק</ManufacturerName>
      <ManufactureCountry>CZ</ManufactureCountry>
      <ManufacturerItemDescription>קוטקס תחבושות</ManufacturerItemDescription>
      <UnitQty>יחידה</UnitQty>
      <Quantity>1.00</Quantity>
      <bIsWeighted>0</bIsWeighted>
      <UnitOfMeasure>יחידה</UnitOfMeasure>
      <QtyInPackage>0</QtyInPackage>
      <ItemPrice>19.90</ItemPrice>
      <UnitOfMeasurePrice>19.90</UnitOfMeasurePrice>
      <AllowDiscount>1</AllowDiscount>
      <ItemStatus>1</ItemStatus>
    </Item>
    <Item>
      <PriceUpdateDate>2017-02-07 07:16</PriceUpdateDate>
      <ItemCode>7290000209951</ItemCode>
      <ItemType>1</ItemType>
      <ItemName>רוטב עגבניות לפיצה240גרם</ItemName>
      <ManufacturerName>זנלכל בע"\מ</ManufacturerName>
      <ManufactureCountry>IL</ManufactureCountry>
      <ManufacturerItemDescription>רוטב עגבניות</ManufacturerItemDescription>
      <UnitQty>גרמים</UnitQty>
      <Quantity>240.00</Quantity>
      <bIsWeighted>0</bIsWeighted>
      <UnitOfMeasure>100 גרם</UnitOfMeasure>
      <QtyInPackage>0</QtyInPackage>
      <ItemPrice>5.60</ItemPrice>
      <UnitOfMeasurePrice>2.33</UnitOfMeasurePrice>
      <AllowDiscount>1</AllowDiscount>
      <ItemStatus>1</ItemStatus>
    </Item>
    <Item>
      <PriceUpdateDate>2016-07-05 07:52</PriceUpdateDate>
      <ItemCode>7290000211312</ItemCode>
      <ItemType>1</ItemType>
      <ItemName>אורז מלא ארוך "סוגת" 1קג</ItemName>
      <ManufacturerName>סוגת תעשיות בע"\מ</ManufacturerName>
      <ManufactureCountry>IL</ManufactureCountry>
      <ManufacturerItemDescription>אורז מלא ארוך</ManufacturerItemDescription>
      <UnitQty>קילוגרמים</UnitQty>
      <Quantity>1.00</Quantity>
      <bIsWeighted>0</bIsWeighted>
      <UnitOfMeasure>ק"ג</UnitOfMeasure>
      <QtyInPackage>0</QtyInPackage>
      <ItemPrice>9.90</ItemPrice>
      <UnitOfMeasurePrice>9.90</UnitOfMeasurePrice>
      <AllowDiscount>1</AllowDiscount>
      <ItemStatus>1</ItemStatus>
    </Item>
    <Item>
      <PriceUpdateDate>2018-07-17 09:27</PriceUpdateDate>
      <ItemCode>7290000211442</ItemCode>
      <ItemType>1</ItemType>
      <ItemName>אורז פרסי קלאסי 1ק"ג</ItemName>
      <ManufacturerName>סוגת תעשיות בע"\מ</ManufacturerName>
      <ManufactureCountry>IL</ManufactureCountry>
      <ManufacturerItemDescription>אורז פרסי קלאסי</ManufacturerItemDescription>
      <UnitQty>קילוגרמים</UnitQty>
      <Quantity>1.00</Quantity>
      <bIsWeighted>0</bIsWeighted>
      <UnitOfMeasure>ק"ג</UnitOfMeasure>
      <QtyInPackage>0</QtyInPackage>
      <ItemPrice>9.90</ItemPrice>
      <UnitOfMeasurePrice>9.90</UnitOfMeasurePrice>
      <AllowDiscount>1</AllowDiscount>
      <ItemStatus>1</ItemStatus>
    </Item>
    <Item>
      <PriceUpdateDate>2015-09-30 08:09</PriceUpdateDate>
      <ItemCode>7290000212401</ItemCode>
      <ItemType>1</ItemType>
      <ItemName>מצופית 400 גרם</ItemName>
      <ManufacturerName>מנעמים תעשיות מזון בע"\מ</ManufacturerName>
      <ManufactureCountry>IL</ManufactureCountry>
      <ManufacturerItemDescription>מצופית 400 גרם</ManufacturerItemDescription>
      <UnitQty>גרמים</UnitQty>
      <Quantity>400.00</Quantity>
      <bIsWeighted>0</bIsWeighted>
      <UnitOfMeasure>100 גרם</UnitOfMeasure>
      <QtyInPackage>0</QtyInPackage>
      <ItemPrice>9.70</ItemPrice>
      <UnitOfMeasurePrice>2.43</UnitOfMeasurePrice>
      <AllowDiscount>1</AllowDiscount>
      <ItemStatus>1</ItemStatus>
    </Item>
    <Item>
      <PriceUpdateDate>2016-02-02 06:49</PriceUpdateDate>
      <ItemCode>7290000238036</ItemCode>
      <ItemType>1</ItemType>
      <ItemName>מלווח מעדנות 700 גרם</ItemName>
      <ManufacturerName>מעדנות בע"\מ</ManufacturerName>
      <ManufactureCountry>IL</ManufactureCountry>
      <ManufacturerItemDescription>מלווח מעדנית</ManufacturerItemDescription>
      <UnitQty>גרמים</UnitQty>
      <Quantity>700.00</Quantity>
      <bIsWeighted>0</bIsWeighted>
      <UnitOfMeasure>100 גרם</UnitOfMeasure>
      <QtyInPackage>0</QtyInPackage>
      <ItemPrice>18.90</ItemPrice>
      <UnitOfMeasurePrice>2.70</UnitOfMeasurePrice>
      <AllowDiscount>1</AllowDiscount>
      <ItemStatus>1</ItemStatus>
    </Item>
    <Item>
      <PriceUpdateDate>2015-09-30 08:01</PriceUpdateDate>
      <ItemCode>7290000238173</ItemCode>
      <ItemType>1</ItemType>
      <ItemName>בורקס גבינה 800 גרם</ItemName>
      <ManufacturerName>מעדנות בע"\מ</ManufacturerName>
      <ManufactureCountry>IL</ManufactureCountry>
      <ManufacturerItemDescription>בורקס גבינה קפוא</ManufacturerItemDescription>
      <UnitQty>גרמים</UnitQty>
      <Quantity>800.00</Quantity>
      <bIsWeighted>0</bIsWeighted>
      <UnitOfMeasure>100 גרם</UnitOfMeasure>
      <QtyInPackage>0</QtyInPackage>
      <ItemPrice>22.70</ItemPrice>
      <UnitOfMeasurePrice>2.84</UnitOfMeasurePrice>
      <AllowDiscount>1</AllowDiscount>
      <ItemStatus>1</ItemStatus>
    </Item>
    <Item>
      <PriceUpdateDate>2016-08-09 06:49</PriceUpdateDate>
      <ItemCode>7290000244761</ItemCode>
      <ItemType>1</ItemType>
      <ItemName>קרם ידיים ולווטה 100 מ"ל</ItemName>
      <ManufacturerName>טרופיקל דגיל</ManufacturerName>
      <ManufactureCountry>IL</ManufactureCountry>
      <ManufacturerItemDescription>קרם ידיים ולווטה</ManufacturerItemDescription>
      <UnitQty>מיליליטרים</UnitQty>
      <Quantity>100.00</Quantity>
      <bIsWeighted>0</bIsWeighted>
      <UnitOfMeasure>100 מ"ל</UnitOfMeasure>
      <QtyInPackage>0</QtyInPackage>
      <ItemPrice>11.90</ItemPrice>
      <UnitOfMeasurePrice>11.90</UnitOfMeasurePrice>
      <AllowDiscount>1</AllowDiscount>
      <ItemStatus>1</ItemStatus>
    </Item>
    <Item>
      <PriceUpdateDate>2018-02-21 10:09</PriceUpdateDate>
      <ItemCode>7290000253220</ItemCode>
      <ItemType>1</ItemType>
      <ItemName>שוקולד צ'יפס חום 260 גרם</ItemName>
      <ManufacturerName>---</ManufacturerName>
      <ManufactureCountry>IL</ManufactureCountry>
      <ManufacturerItemDescription>שוקולד צ'יפס</ManufacturerItemDescription>
      <UnitQty>גרמים</UnitQty>
      <Quantity>260.00</Quantity>
      <bIsWeighted>0</bIsWeighted>
      <UnitOfMeasure>100 גרם</UnitOfMeasure>
      <QtyInPackage>0</QtyInPackage>
      <ItemPrice>12.90</ItemPrice>
      <UnitOfMeasurePrice>4.96</UnitOfMeasurePrice>
      <AllowDiscount>1</AllowDiscount>
      <ItemStatus>1</ItemStatus>
    </Item>
    <Item>
      <PriceUpdateDate>2018-02-21 10:09</PriceUpdateDate>
      <ItemCode>7290000253251</ItemCode>
      <ItemType>1</ItemType>
      <ItemName>שוקולד צ'יפס לבן 250 גרם</ItemName>
      <ManufacturerName>---</ManufacturerName>
      <ManufactureCountry>IL</ManufactureCountry>
      <ManufacturerItemDescription>שוקו צ'יפס לבן</ManufacturerItemDescription>
      <UnitQty>גרמים</UnitQty>
      <Quantity>250.00</Quantity>
      <bIsWeighted>0</bIsWeighted>
      <UnitOfMeasure>100 גרם</UnitOfMeasure>
      <QtyInPackage>0</QtyInPackage>
      <ItemPrice>12.90</ItemPrice>
      <UnitOfMeasurePrice>5.16</UnitOfMeasurePrice>
      <AllowDiscount>1</AllowDiscount>
      <ItemStatus>1</ItemStatus>
    </Item>
    <Item>
      <PriceUpdateDate>2019-08-13 08:20</PriceUpdateDate>
      <ItemCode>7290000260839</ItemCode>
      <ItemType>1</ItemType>
      <ItemName>ספרינג משקה תפוזים 1.5ל'</ItemName>
      <ManufacturerName>יפאורה תבורי בע"\מ</ManufacturerName>
      <ManufactureCountry>IL</ManufactureCountry>
      <ManufacturerItemDescription>ספרינג תפוזים</ManufacturerItemDescription>
      <UnitQty>ליטרים</UnitQty>
      <Quantity>1.50</Quantity>
      <bIsWeighted>0</bIsWeighted>
      <UnitOfMeasure>ליטר</UnitOfMeasure>
      <QtyInPackage>0</QtyInPackage>
      <ItemPrice>6.90</ItemPrice>
      <UnitOfMeasurePrice>4.60</UnitOfMeasurePrice>
      <AllowDiscount>1</AllowDiscount>
      <ItemStatus>1</ItemStatus>
    </Item>
    <Item>
      <PriceUpdateDate>2020-03-22 07:56</PriceUpdateDate>
      <ItemCode>7290000262031</ItemCode>
      <ItemType>1</ItemType>
      <ItemName>נייר טואלט מולט 32 גליל</ItemName>
      <ManufacturerName>חוגלה קימברלי</ManufacturerName>
      <ManufactureCountry>IL</ManufactureCountry>
      <ManufacturerItemDescription>נייר טואלט</ManufacturerItemDescription>
      <UnitQty>מטרים</UnitQty>
      <Quantity>562.00</Quantity>
      <bIsWeighted>0</bIsWeighted>
      <UnitOfMeasure>100 מטר</UnitOfMeasure>
      <QtyInPackage>0</QtyInPackage>
      <ItemPrice>29.90</ItemPrice>
      <UnitOfMeasurePrice>5.32</UnitOfMeasurePrice>
      <AllowDiscount>1</AllowDiscount>
      <ItemStatus>1</ItemStatus>
    </Item>
    <Item>
      <PriceUpdateDate>2020-04-22 11:50</PriceUpdateDate>
      <ItemCode>7290000266107</ItemCode>
      <ItemType>1</ItemType>
      <ItemName>כריך בלחמניה סלט טונה220</ItemName>
      <ManufacturerName>עינת</ManufacturerName>
      <ManufactureCountry>IL</ManufactureCountry>
      <ManufacturerItemDescription>כריך טונה</ManufacturerItemDescription>
      <UnitQty>גרמים</UnitQty>
      <Quantity>220.00</Quantity>
      <bIsWeighted>0</bIsWeighted>
      <UnitOfMeasure>100 גרם</UnitOfMeasure>
      <QtyInPackage>0</QtyInPackage>
      <ItemPrice>13.90</ItemPrice>
      <UnitOfMeasurePrice>6.32</UnitOfMeasurePrice>
      <AllowDiscount>1</AllowDiscount>
      <ItemStatus>1</ItemStatus>
    </Item>
    <Item>
      <PriceUpdateDate>2020-04-22 11:50</PriceUpdateDate>
      <ItemCode>7290000266206</ItemCode>
      <ItemType>1</ItemType>
      <ItemName>כריך בלחמניה טוניסאי 260</ItemName>
      <ManufacturerName>עינת</ManufacturerName>
      <ManufactureCountry>IL</ManufactureCountry>
      <ManufacturerItemDescription>כריך טוניסאי</ManufacturerItemDescription>
      <UnitQty>גרמים</UnitQty>
      <Quantity>260.00</Quantity>
      <bIsWeighted>0</bIsWeighted>
      <UnitOfMeasure>100 גרם</UnitOfMeasure>
      <QtyInPackage>0</QtyInPackage>
      <ItemPrice>13.90</ItemPrice>
      <UnitOfMeasurePrice>5.35</UnitOfMeasurePrice>
      <AllowDiscount>1</AllowDiscount>
      <ItemStatus>1</ItemStatus>
    </Item>
    <Item>
      <PriceUpdateDate>2018-02-21 10:09</PriceUpdateDate>
      <ItemCode>7290000284316</ItemCode>
      <ItemType>1</ItemType>
      <ItemName>קוקה קולה בקבוק 1.5 ליטר</ItemName>
      <ManufacturerName>החברה המרכזית לייצור משק</ManufacturerName>
      <ManufactureCountry>IL</ManufactureCountry>
      <ManufacturerItemDescription>קוקה קולה</ManufacturerItemDescription>
      <UnitQty>ליטרים</UnitQty>
      <Quantity>1.50</Quantity>
      <bIsWeighted>0</bIsWeighted>
      <UnitOfMeasure>ליטר</UnitOfMeasure>
      <QtyInPackage>0</QtyInPackage>
      <ItemPrice>6.90</ItemPrice>
      <UnitOfMeasurePrice>4.60</UnitOfMeasurePrice>
      <AllowDiscount>1</AllowDiscount>
      <ItemStatus>1</ItemStatus>
    </Item>
    <Item>
      <PriceUpdateDate>2018-02-21 10:09</PriceUpdateDate>
      <ItemCode>7290000284361</ItemCode>
      <ItemType>1</ItemType>
      <ItemName>קולה דיאט בקבוק 1.5 ל'</ItemName>
      <ManufacturerName>החברה המרכזית לייצור משק</ManufacturerName>
      <ManufactureCountry>IL</ManufactureCountry>
      <ManufacturerItemDescription>קוקה קולה דיאט</ManufacturerItemDescription>
      <UnitQty>ליטרים</UnitQty>
      <Quantity>1.50</Quantity>
      <bIsWeighted>0</bIsWeighted>
      <UnitOfMeasure>ליטר</UnitOfMeasure>
      <QtyInPackage>0</QtyInPackage>
      <ItemPrice>6.90</ItemPrice>
      <UnitOfMeasurePrice>4.60</UnitOfMeasurePrice>
      <AllowDiscount>1</AllowDiscount>
      <ItemStatus>1</ItemStatus>
    </Item>
    <Item>
      <PriceUpdateDate>2017-02-07 07:16</PriceUpdateDate>
      <ItemCode>7290000285849</ItemCode>
      <ItemType>1</ItemType>
      <ItemName>שוופס מי סודה 1.5 ליטר</ItemName>
      <ManufacturerName>יפאורה שותפות מובגלת לשי</ManufacturerName>
      <ManufactureCountry>IL</ManufactureCountry>
      <ManufacturerItemDescription>שוופס מי סודה</ManufacturerItemDescription>
      <UnitQty>ליטרים</UnitQty>
      <Quantity>1.50</Quantity>
      <bIsWeighted>0</bIsWeighted>
      <UnitOfMeasure>ליטר</UnitOfMeasure>
      <QtyInPackage>0</QtyInPackage>
      <ItemPrice>4.10</ItemPrice>
      <UnitOfMeasurePrice>2.73</UnitOfMeasurePrice>
      <AllowDiscount>1</AllowDiscount>
      <ItemStatus>1</ItemStatus>
    </Item>
    <Item>
      <PriceUpdateDate>2020-04-06 11:04</PriceUpdateDate>
      <ItemCode>7290000286471</ItemCode>
      <ItemType>1</ItemType>
      <ItemName>ג'ל ניקוי ידיים ילדים29מ</ItemName>
      <ManufacturerName>קוסמופארם</ManufacturerName>
      <ManufactureCountry>CN</ManufactureCountry>
      <ManufacturerItemDescription>ג'ל לניקוי ידיים</ManufacturerItemDescription>
      <UnitQty>מיליליטרים</UnitQty>
      <Quantity>29.00</Quantity>
      <bIsWeighted>0</bIsWeighted>
      <UnitOfMeasure>100 מ"ל</UnitOfMeasure>
      <QtyInPackage>1</QtyInPackage>
      <ItemPrice>9.90</ItemPrice>
      <UnitOfMeasurePrice>34.14</UnitOfMeasurePrice>
      <AllowDiscount>1</AllowDiscount>
      <ItemStatus>1</ItemStatus>
    </Item>
    <Item>
      <PriceUpdateDate>2017-02-08 08:34</PriceUpdateDate>
      <ItemCode>7290000286761</ItemCode>
      <ItemType>1</ItemType>
      <ItemName>ניילון נצמד 30*2 מטר</ItemName>
      <ManufacturerName>סנו</ManufacturerName>
      <ManufactureCountry>IL</ManufactureCountry>
      <ManufacturerItemDescription>צמד ניילון נצמד</ManufacturerItemDescription>
      <UnitQty>מטרים</UnitQty>
      <Quantity>60.00</Quantity>
      <bIsWeighted>0</bIsWeighted>
      <UnitOfMeasure>מטר</UnitOfMeasure>
      <QtyInPackage>0</QtyInPackage>
      <ItemPrice>11.90</ItemPrice>
      <UnitOfMeasurePrice>0.20</UnitOfMeasurePrice>
      <AllowDiscount>1</AllowDiscount>
      <ItemStatus>1</ItemStatus>
    </Item>
    <Item>
      <PriceUpdateDate>2016-05-10 07:04</PriceUpdateDate>
      <ItemCode>7290000287492</ItemCode>
      <ItemType>1</ItemType>
      <ItemName>סנובון נוזלי לימון 750מל</ItemName>
      <ManufacturerName>סנו מפעלי ברונוס בע"מ</ManufacturerName>
      <ManufactureCountry>IL</ManufactureCountry>
      <ManufacturerItemDescription>סנובון נוזלי</ManufacturerItemDescription>
      <UnitQty>מיליליטרים</UnitQty>
      <Quantity>750.00</Quantity>
      <bIsWeighted>0</bIsWeighted>
      <UnitOfMeasure>100 מ"ל</UnitOfMeasure>
      <QtyInPackage>0</QtyInPackage>
      <ItemPrice>9.90</ItemPrice>
      <UnitOfMeasurePrice>1.32</UnitOfMeasurePrice>
      <AllowDiscount>1</AllowDiscount>
      <ItemStatus>1</ItemStatus>
    </Item>
    <Item>
      <PriceUpdateDate>2020-08-04 16:29</PriceUpdateDate>
      <ItemCode>7290000287621</ItemCode>
      <ItemType>1</ItemType>
      <ItemName>סנו אנטי קאלק לאסלות750מ</ItemName>
      <ManufacturerName>סנו מפעלי ברונוס בעמ</ManufacturerName>
      <ManufactureCountry>IL</ManufactureCountry>
      <ManufacturerItemDescription>סנו מנקה אסלות</ManufacturerItemDescription>
      <UnitQty>מיליליטרים</UnitQty>
      <Quantity>750.00</Quantity>
      <bIsWeighted>0</bIsWeighted>
      <UnitOfMeasure>100 מ"ל</UnitOfMeasure>
      <QtyInPackage>0</QtyInPackage>
      <ItemPrice>13.90</ItemPrice>
      <UnitOfMeasurePrice>1.85</UnitOfMeasurePrice>
      <AllowDiscount>1</AllowDiscount>
      <ItemStatus>1</ItemStatus>
    </Item>
    <Item>
      <PriceUpdateDate>2017-02-08 08:34</PriceUpdateDate>
      <ItemCode>7290000288024</ItemCode>
      <ItemType>1</ItemType>
      <ItemName>סנו ג'אוול לימון 4 ליטר</ItemName>
      <ManufacturerName>סנו מפעלי ברונוס בע"מ</ManufacturerName>
      <ManufactureCountry>IL</ManufactureCountry>
      <ManufacturerItemDescription>סנו JAVEL אקונומ</ManufacturerItemDescription>
      <UnitQty>ליטרים</UnitQty>
      <Quantity>4.00</Quantity>
      <bIsWeighted>0</bIsWeighted>
      <UnitOfMeasure>ליטר</UnitOfMeasure>
      <QtyInPackage>0</QtyInPackage>
      <ItemPrice>17.50</ItemPrice>
      <UnitOfMeasurePrice>4.38</UnitOfMeasurePrice>
      <AllowDiscount>1</AllowDiscount>
      <ItemStatus>1</ItemStatus>
    </Item>
    <Item>
      <PriceUpdateDate>2017-04-11 21:10</PriceUpdateDate>
      <ItemCode>7290000288048</ItemCode>
      <ItemType>1</ItemType>
      <ItemName>סנו ג'אוול מרסס לבנדר 1ל</ItemName>
      <ManufacturerName>סנו מפעלי ברונוס בע"מ</ManufacturerName>
      <ManufactureCountry>IL</ManufactureCountry>
      <ManufacturerItemDescription>סנו ג'אוול לבנדר</ManufacturerItemDescription>
      <UnitQty>ליטרים</UnitQty>
      <Quantity>1.00</Quantity>
      <bIsWeighted>0</bIsWeighted>
      <UnitOfMeasure>ליטר</UnitOfMeasure>
      <QtyInPackage>0</QtyInPackage>
      <ItemPrice>18.90</ItemPrice>
      <UnitOfMeasurePrice>18.90</UnitOfMeasurePrice>
      <AllowDiscount>1</AllowDiscount>
      <ItemStatus>1</ItemStatus>
    </Item>
    <Item>
      <PriceUpdateDate>2017-08-01 07:06</PriceUpdateDate>
      <ItemCode>7290000288109</ItemCode>
      <ItemType>1</ItemType>
      <ItemName>אבקת מקסימה ג'אבל 1.25קג</ItemName>
      <ManufacturerName>סנו</ManufacturerName>
      <ManufactureCountry>IL</ManufactureCountry>
      <ManufacturerItemDescription>א.כביסה מקסימה</ManufacturerItemDescription>
      <UnitQty>קילוגרמים</UnitQty>
      <Quantity>1.25</Quantity>
      <bIsWeighted>0</bIsWeighted>
      <UnitOfMeasure>ק"ג</UnitOfMeasure>
      <QtyInPackage>0</QtyInPackage>
      <ItemPrice>21.40</ItemPrice>
      <UnitOfMeasurePrice>17.12</UnitOfMeasurePrice>
      <AllowDiscount>1</AllowDiscount>
      <ItemStatus>1</ItemStatus>
    </Item>
    <Item>
      <PriceUpdateDate>2018-01-02 16:15</PriceUpdateDate>
      <ItemCode>7290000288390</ItemCode>
      <ItemType>1</ItemType>
      <ItemName>600-K יבש קוטל חרקים500מ</ItemName>
      <ManufacturerName>סנו מפעלי ברונוס בע"מ</ManufacturerName>
      <ManufactureCountry>IL</ManufactureCountry>
      <ManufacturerItemDescription>סנו 600-K תרסיס</ManufacturerItemDescription>
      <UnitQty>מיליליטרים</UnitQty>
      <Quantity>500.00</Quantity>
      <bIsWeighted>0</bIsWeighted>
      <UnitOfMeasure>100 מ"ל</UnitOfMeasure>
      <QtyInPackage>0</QtyInPackage>
      <ItemPrice>24.30</ItemPrice>
      <UnitOfMeasurePrice>4.86</UnitOfMeasurePrice>
      <AllowDiscount>1</AllowDiscount>
      <ItemStatus>1</ItemStatus>
    </Item>
    <Item>
      <PriceUpdateDate>2018-03-06 07:23</PriceUpdateDate>
      <ItemCode>7290000292687</ItemCode>
      <ItemType>1</ItemType>
      <ItemName>סנובון כחול שלישיה55*3גר</ItemName>
      <ManufacturerName>סנו מפעלי ברונו בעמ</ManufacturerName>
      <ManufactureCountry>IL</ManufactureCountry>
      <ManufacturerItemDescription>סנובון כחול 3 יח</ManufacturerItemDescription>
      <UnitQty>גרמים</UnitQty>
      <Quantity>165.00</Quantity>
      <bIsWeighted>0</bIsWeighted>
      <UnitOfMeasure>100 גרם</UnitOfMeasure>
      <QtyInPackage>0</QtyInPackage>
      <ItemPrice>17.90</ItemPrice>
      <UnitOfMeasurePrice>10.85</UnitOfMeasurePrice>
      <AllowDiscount>1</AllowDiscount>
      <ItemStatus>1</ItemStatus>
    </Item>
    <Item>
      <PriceUpdateDate>2017-02-08 08:34</PriceUpdateDate>
      <ItemCode>7290000293943</ItemCode>
      <ItemType>1</ItemType>
      <ItemName>סנו אנטי קאלק מרסס 1 ל'</ItemName>
      <ManufacturerName>סנו מפעלי ברונוס בעמ</ManufacturerName>
      <ManufactureCountry>IL</ManufactureCountry>
      <ManufacturerItemDescription>סנו אנטי קאלק</ManufacturerItemDescription>
      <UnitQty>ליטרים</UnitQty>
      <Quantity>1.00</Quantity>
      <bIsWeighted>0</bIsWeighted>
      <UnitOfMeasure>ליטר</UnitOfMeasure>
      <QtyInPackage>0</QtyInPackage>
      <ItemPrice>17.90</ItemPrice>
      <UnitOfMeasurePrice>17.90</UnitOfMeasurePrice>
      <AllowDiscount>1</AllowDiscount>
      <ItemStatus>1</ItemStatus>
    </Item>
    <Item>
      <PriceUpdateDate>2017-08-01 07:06</PriceUpdateDate>
      <ItemCode>7290000295336</ItemCode>
      <ItemType>1</ItemType>
      <ItemName>אבקת מקסימה סנסטיב 1.25ק</ItemName>
      <ManufacturerName>סנו</ManufacturerName>
      <ManufactureCountry>IL</ManufactureCountry>
      <ManufacturerItemDescription>אבקת כביסה</ManufacturerItemDescription>
      <UnitQty>קילוגרמים</UnitQty>
      <Quantity>1.25</Quantity>
      <bIsWeighted>0</bIsWeighted>
      <UnitOfMeasure>ק"ג</UnitOfMeasure>
      <QtyInPackage>0</QtyInPackage>
      <ItemPrice>21.40</ItemPrice>
      <UnitOfMeasurePrice>17.12</UnitOfMeasurePrice>
      <AllowDiscount>1</AllowDiscount>
      <ItemStatus>1</ItemStatus>
    </Item>
    <Item>
      <PriceUpdateDate>2017-02-08 08:34</PriceUpdateDate>
      <ItemCode>7290000295503</ItemCode>
      <ItemType>1</ItemType>
      <ItemName>סושי זוג שקיות אוכל150*2</ItemName>
      <ManufacturerName>סנו</ManufacturerName>
      <ManufactureCountry>IL</ManufactureCountry>
      <ManufacturerItemDescription>שקיות אוכל צמד</ManufacturerItemDescription>
      <UnitQty>יחידה</UnitQty>
      <Quantity>1.00</Quantity>
      <bIsWeighted>0</bIsWeighted>
      <UnitOfMeasure>יחידה</UnitOfMeasure>
      <QtyInPackage>0</QtyInPackage>
      <ItemPrice>14.50</ItemPrice>
      <UnitOfMeasurePrice>14.50</UnitOfMeasurePrice>
      <AllowDiscount>1</AllowDiscount>
      <ItemStatus>1</ItemStatus>
    </Item>
    <Item>
      <PriceUpdateDate>2019-04-01 17:19</PriceUpdateDate>
      <ItemCode>7290000295558</ItemCode>
      <ItemType>1</ItemType>
      <ItemName>2רדידי אלומיניום0.3*7.5מ</ItemName>
      <ManufacturerName>סנו</ManufacturerName>
      <ManufactureCountry>CN</ManufactureCountry>
      <ManufacturerItemDescription>צמד רדידי אלומינ</ManufacturerItemDescription>
      <UnitQty>מטרים</UnitQty>
      <Quantity>15.00</Quantity>
      <bIsWeighted>0</bIsWeighted>
      <UnitOfMeasure>מטר</UnitOfMeasure>
      <QtyInPackage>0</QtyInPackage>
      <ItemPrice>10.90</ItemPrice>
      <UnitOfMeasurePrice>0.73</UnitOfMeasurePrice>
      <AllowDiscount>1</AllowDiscount>
      <ItemStatus>1</ItemStatus>
    </Item>
    <Item>
      <PriceUpdateDate>2018-03-06 07:31</PriceUpdateDate>
      <ItemCode>7290000300900</ItemCode>
      <ItemType>1</ItemType>
      <ItemName>שניצל תירס 750 גרם</ItemName>
      <ManufacturerName>טבעול</ManufacturerName>
      <ManufactureCountry>IL</ManufactureCountry>
      <ManufacturerItemDescription>שניצל תירס טבעול</ManufacturerItemDescription>
      <UnitQty>גרמים</UnitQty>
      <Quantity>750.00</Quantity>
      <bIsWeighted>0</bIsWeighted>
      <UnitOfMeasure>100 גרם</UnitOfMeasure>
      <QtyInPackage>0</QtyInPackage>
      <ItemPrice>27.90</ItemPrice>
      <UnitOfMeasurePrice>3.72</UnitOfMeasurePrice>
      <AllowDiscount>1</AllowDiscount>
      <ItemStatus>1</ItemStatus>
    </Item>
    <Item>
      <PriceUpdateDate>2017-11-14 10:36</PriceUpdateDate>
      <ItemCode>7290000302041</ItemCode>
      <ItemType>1</ItemType>
      <ItemName>טיים רד ארוך פקט</ItemName>
      <ManufacturerName>דובק בע"מ</ManufacturerName>
      <ManufactureCountry>IL</ManufactureCountry>
      <ManufacturerItemDescription>טיים 100 חבילה</ManufacturerItemDescription>
      <UnitQty>יחידה</UnitQty>
      <Quantity>1.00</Quantity>
      <bIsWeighted>0</bIsWeighted>
      <UnitOfMeasure>יחידה</UnitOfMeasure>
      <QtyInPackage>0</QtyInPackage>
      <ItemPrice>274.00</ItemPrice>
      <UnitOfMeasurePrice>274.00</UnitOfMeasurePrice>
      <AllowDiscount>0</AllowDiscount>
      <ItemStatus>1</ItemStatus>
    </Item>
    <Item>
      <PriceUpdateDate>2019-12-31 12:23</PriceUpdateDate>
      <ItemCode>7290000302089</ItemCode>
      <ItemType>1</ItemType>
      <ItemName>ברודווי ארוך פקט</ItemName>
      <ManufacturerName>דובק בע"מ</ManufacturerName>
      <ManufactureCountry>IL</ManufactureCountry>
      <ManufacturerItemDescription>ברודווי 100</ManufacturerItemDescription>
      <UnitQty>יחידה</UnitQty>
      <Quantity>1.00</Quantity>
      <bIsWeighted>0</bIsWeighted>
      <UnitOfMeasure>יחידה</UnitOfMeasure>
      <QtyInPackage>0</QtyInPackage>
      <ItemPrice>274.00</ItemPrice>
      <UnitOfMeasurePrice>274.00</UnitOfMeasurePrice>
      <AllowDiscount>0</AllowDiscount>
      <ItemStatus>1</ItemStatus>
    </Item>
    <Item>
      <PriceUpdateDate>2019-12-31 12:23</PriceUpdateDate>
      <ItemCode>7290000302126</ItemCode>
      <ItemType>1</ItemType>
      <ItemName>אירופה פקט</ItemName>
      <ManufacturerName>דובק בע"מ</ManufacturerName>
      <ManufactureCountry>IL</ManufactureCountry>
      <ManufacturerItemDescription>אירופה חבילה</ManufacturerItemDescription>
      <UnitQty>יחידה</UnitQty>
      <Quantity>1.00</Quantity>
      <bIsWeighted>0</bIsWeighted>
      <UnitOfMeasure>יחידה</UnitOfMeasure>
      <QtyInPackage>0</QtyInPackage>
      <ItemPrice>274.00</ItemPrice>
      <UnitOfMeasurePrice>274.00</UnitOfMeasurePrice>
      <AllowDiscount>0</AllowDiscount>
      <ItemStatus>1</ItemStatus>
    </Item>
    <Item>
      <PriceUpdateDate>2019-12-31 12:23</PriceUpdateDate>
      <ItemCode>7290000302225</ItemCode>
      <ItemType>1</ItemType>
      <ItemName>נובלס פילטר פקט</ItemName>
      <ManufacturerName>דובק בע"מ</ManufacturerName>
      <ManufactureCountry>IL</ManufactureCountry>
      <ManufacturerItemDescription>נובלס פילטר</ManufacturerItemDescription>
      <UnitQty>יחידה</UnitQty>
      <Quantity>1.00</Quantity>
      <bIsWeighted>0</bIsWeighted>
      <UnitOfMeasure>יחידה</UnitOfMeasure>
      <QtyInPackage>0</QtyInPackage>
      <ItemPrice>269.00</ItemPrice>
      <UnitOfMeasurePrice>269.00</UnitOfMeasurePrice>
      <AllowDiscount>0</AllowDiscount>
      <ItemStatus>1</ItemStatus>
    </Item>
    <Item>
      <PriceUpdateDate>2017-11-14 10:36</PriceUpdateDate>
      <ItemCode>7290000302409</ItemCode>
      <ItemType>1</ItemType>
      <ItemName>טיים בלו פקט</ItemName>
      <ManufacturerName>דובק בע"מ</ManufacturerName>
      <ManufactureCountry>IL</ManufactureCountry>
      <ManufacturerItemDescription>טיים BLUE</ManufacturerItemDescription>
      <UnitQty>יחידה</UnitQty>
      <Quantity>1.00</Quantity>
      <bIsWeighted>0</bIsWeighted>
      <UnitOfMeasure>יחידה</UnitOfMeasure>
      <QtyInPackage>0</QtyInPackage>
      <ItemPrice>274.00</ItemPrice>
      <UnitOfMeasurePrice>274.00</UnitOfMeasurePrice>
      <AllowDiscount>0</AllowDiscount>
      <ItemStatus>1</ItemStatus>
    </Item>
    <Item>
      <PriceUpdateDate>2017-02-07 07:16</PriceUpdateDate>
      <ItemCode>7290000307237</ItemCode>
      <ItemType>1</ItemType>
      <ItemName>גרעיני תירס מתוק 550 גרם</ItemName>
      <ManufacturerName>פרי הגליל בעמ</ManufacturerName>
      <ManufactureCountry>IL</ManufactureCountry>
      <ManufacturerItemDescription>גרעיני תירס</ManufacturerItemDescription>
      <UnitQty>גרמים</UnitQty>
      <Quantity>550.00</Quantity>
      <bIsWeighted>0</bIsWeighted>
      <UnitOfMeasure>100 גרם</UnitOfMeasure>
      <QtyInPackage>0</QtyInPackage>
      <ItemPrice>7.20</ItemPrice>
      <UnitOfMeasurePrice>1.31</UnitOfMeasurePrice>
      <AllowDiscount>1</AllowDiscount>
      <ItemStatus>1</ItemStatus>
    </Item>
    <Item>
      <PriceUpdateDate>2015-09-30 08:08</PriceUpdateDate>
      <ItemCode>7290000307343</ItemCode>
      <ItemType>1</ItemType>
      <ItemName>שעועית ירוקה חתוכה 550 ג</ItemName>
      <ManufacturerName>פרי גליל</ManufacturerName>
      <ManufactureCountry>IL</ManufactureCountry>
      <ManufacturerItemDescription>שעועית ירוקה</ManufacturerItemDescription>
      <UnitQty>גרמים</UnitQty>
      <Quantity>550.00</Quantity>
      <bIsWeighted>0</bIsWeighted>
      <UnitOfMeasure>100 גרם</UnitOfMeasure>
      <QtyInPackage>0</QtyInPackage>
      <ItemPrice>8.00</ItemPrice>
      <UnitOfMeasurePrice>1.45</UnitOfMeasurePrice>
      <AllowDiscount>1</AllowDiscount>
      <ItemStatus>1</ItemStatus>
    </Item>
    <Item>
      <PriceUpdateDate>2015-05-19 08:34</PriceUpdateDate>
      <ItemCode>7290000311203</ItemCode>
      <ItemType>1</ItemType>
      <ItemName>ופלים מן בטעם שוקולד200ג</ItemName>
      <ManufacturerName>רוקחמן</ManufacturerName>
      <ManufactureCountry>IL</ManufactureCountry>
      <ManufacturerItemDescription>ופלים טעם שוקולד</ManufacturerItemDescription>
      <UnitQty>גרמים</UnitQty>
      <Quantity>200.00</Quantity>
      <bIsWeighted>0</bIsWeighted>
      <UnitOfMeasure>100 גרם</UnitOfMeasure>
      <QtyInPackage>0</QtyInPackage>
      <ItemPrice>4.90</ItemPrice>
      <UnitOfMeasurePrice>2.45</UnitOfMeasurePrice>
      <AllowDiscount>1</AllowDiscount>
      <ItemStatus>1</ItemStatus>
    </Item>
    <Item>
      <PriceUpdateDate>2015-05-19 08:34</PriceUpdateDate>
      <ItemCode>7290000311210</ItemCode>
      <ItemType>1</ItemType>
      <ItemName>ופלים מן בטעם לימון 200ג</ItemName>
      <ManufacturerName>רוקחמן</ManufacturerName>
      <ManufactureCountry>IL</ManufactureCountry>
      <ManufacturerItemDescription>וופלים לימון</ManufacturerItemDescription>
      <UnitQty>גרמים</UnitQty>
      <Quantity>200.00</Quantity>
      <bIsWeighted>0</bIsWeighted>
      <UnitOfMeasure>100 גרם</UnitOfMeasure>
      <QtyInPackage>0</QtyInPackage>
      <ItemPrice>4.90</ItemPrice>
      <UnitOfMeasurePrice>2.45</UnitOfMeasurePrice>
      <AllowDiscount>1</AllowDiscount>
      <ItemStatus>1</ItemStatus>
    </Item>
    <Item>
      <PriceUpdateDate>2017-07-04 09:43</PriceUpdateDate>
      <ItemCode>7290000311425</ItemCode>
      <ItemType>1</ItemType>
      <ItemName>ופלים מצופים כחול 22*10ג</ItemName>
      <ManufacturerName>רוקחמן</ManufacturerName>
      <ManufactureCountry>IL</ManufactureCountry>
      <ManufacturerItemDescription>ופלים מצופים</ManufacturerItemDescription>
      <UnitQty>גרמים</UnitQty>
      <Quantity>220.00</Quantity>
      <bIsWeighted>0</bIsWeighted>
      <UnitOfMeasure>100 גרם</UnitOfMeasure>
      <QtyInPackage>0</QtyInPackage>
      <ItemPrice>7.90</ItemPrice>
      <UnitOfMeasurePrice>3.59</UnitOfMeasurePrice>
      <AllowDiscount>1</AllowDiscount>
      <ItemStatus>1</ItemStatus>
    </Item>
    <Item>
      <PriceUpdateDate>2015-09-30 08:09</PriceUpdateDate>
      <ItemCode>7290000313184</ItemCode>
      <ItemType>1</ItemType>
      <ItemName>עוג.גן חיות וניל 250 גרם</ItemName>
      <ManufacturerName>הגביע מוצרי וופלים בע"\מ</ManufacturerName>
      <ManufactureCountry>IL</ManufactureCountry>
      <ManufacturerItemDescription>עוגיות גן חיות</ManufacturerItemDescription>
      <UnitQty>גרמים</UnitQty>
      <Quantity>250.00</Quantity>
      <bIsWeighted>0</bIsWeighted>
      <UnitOfMeasure>100 גרם</UnitOfMeasure>
      <QtyInPackage>0</QtyInPackage>
      <ItemPrice>8.90</ItemPrice>
      <UnitOfMeasurePrice>3.56</UnitOfMeasurePrice>
      <AllowDiscount>1</AllowDiscount>
      <ItemStatus>1</ItemStatus>
    </Item>
    <Item>
      <PriceUpdateDate>2015-05-19 08:34</PriceUpdateDate>
      <ItemCode>7290000327624</ItemCode>
      <ItemType>1</ItemType>
      <ItemName>מי סודה טמפו 1.5 ליטר</ItemName>
      <ManufacturerName>טמפו משקאות בע"מ</ManufacturerName>
      <ManufactureCountry>IL</ManufactureCountry>
      <ManufacturerItemDescription>מי סודה טמפו</ManufacturerItemDescription>
      <UnitQty>ליטרים</UnitQty>
      <Quantity>1.50</Quantity>
      <bIsWeighted>0</bIsWeighted>
      <UnitOfMeasure>ליטר</UnitOfMeasure>
      <QtyInPackage>0</QtyInPackage>
      <ItemPrice>3.50</ItemPrice>
      <UnitOfMeasurePrice>2.33</UnitOfMeasurePrice>
      <AllowDiscount>1</AllowDiscount>
      <ItemStatus>1</ItemStatus>
    </Item>
    <Item>
      <PriceUpdateDate>2017-02-06 13:17</PriceUpdateDate>
      <ItemCode>7290000334325</ItemCode>
      <ItemType>1</ItemType>
      <ItemName>מארז ציפס למיקרו שלישיות</ItemName>
      <ManufacturerName>תעשיות תפוגן בע"\מ</ManufacturerName>
      <ManufactureCountry>IL</ManufactureCountry>
      <ManufacturerItemDescription>ציפס למיקרו</ManufacturerItemDescription>
      <UnitQty>גרמים</UnitQty>
      <Quantity>375.00</Quantity>
      <bIsWeighted>0</bIsWeighted>
      <UnitOfMeasure>100 גרם</UnitOfMeasure>
      <QtyInPackage>0</QtyInPackage>
      <ItemPrice>16.60</ItemPrice>
      <UnitOfMeasurePrice>4.43</UnitOfMeasurePrice>
      <AllowDiscount>1</AllowDiscount>
      <ItemStatus>1</ItemStatus>
    </Item>
    <Item>
      <PriceUpdateDate>2015-09-30 08:05</PriceUpdateDate>
      <ItemCode>7290000345277</ItemCode>
      <ItemType>1</ItemType>
      <ItemName>תה ויסוצקי 50שק1.5* גרם</ItemName>
      <ManufacturerName>תה ויסוצקי</ManufacturerName>
      <ManufactureCountry>IL</ManufactureCountry>
      <ManufacturerItemDescription>תה ויסוצקי 50 שק</ManufacturerItemDescription>
      <UnitQty>גרמים</UnitQty>
      <Quantity>75.00</Quantity>
      <bIsWeighted>0</bIsWeighted>
      <UnitOfMeasure>100 גרם</UnitOfMeasure>
      <QtyInPackage>0</QtyInPackage>
      <ItemPrice>13.80</ItemPrice>
      <UnitOfMeasurePrice>18.40</UnitOfMeasurePrice>
      <AllowDiscount>1</AllowDiscount>
      <ItemStatus>1</ItemStatus>
    </Item>
    <Item>
      <PriceUpdateDate>2018-02-21 10:09</PriceUpdateDate>
      <ItemCode>7290000345284</ItemCode>
      <ItemType>1</ItemType>
      <ItemName>תה קלאסיק 100שק1.5*גרם</ItemName>
      <ManufacturerName>תה ויסוצקי</ManufacturerName>
      <ManufactureCountry>IL</ManufactureCountry>
      <ManufacturerItemDescription>תה ויסוצקי ירוק</ManufacturerItemDescription>
      <UnitQty>גרמים</UnitQty>
      <Quantity>150.00</Quantity>
      <bIsWeighted>0</bIsWeighted>
      <UnitOfMeasure>100 גרם</UnitOfMeasure>
      <QtyInPackage>0</QtyInPackage>
      <ItemPrice>17.90</ItemPrice>
      <UnitOfMeasurePrice>11.93</UnitOfMeasurePrice>
      <AllowDiscount>1</AllowDiscount>
      <ItemStatus>1</ItemStatus>
    </Item>
    <Item>
      <PriceUpdateDate>2020-10-10 19:00</PriceUpdateDate>
      <ItemCode>7290000346205</ItemCode>
      <ItemType>1</ItemType>
      <ItemName>חל.קמומיל-גן קסום25ש1.5*</ItemName>
      <ManufacturerName>ויסוצקי</ManufacturerName>
      <ManufactureCountry>IL</ManufactureCountry>
      <ManufacturerItemDescription>חליטת קמומיל</ManufacturerItemDescription>
      <UnitQty>גרמים</UnitQty>
      <Quantity>37.00</Quantity>
      <bIsWeighted>0</bIsWeighted>
      <UnitOfMeasure>100 גרם</UnitOfMeasure>
      <QtyInPackage>0</QtyInPackage>
      <ItemPrice>16.90</ItemPrice>
      <UnitOfMeasurePrice>45.67</UnitOfMeasurePrice>
      <AllowDiscount>1</AllowDiscount>
      <ItemStatus>1</ItemStatus>
    </Item>
    <Item>
      <PriceUpdateDate>2020-10-11 23:00</PriceUpdateDate>
      <ItemCode>7290000347738</ItemCode>
      <ItemType>1</ItemType>
      <ItemName>תה ירוק עם נענע 1.5*25גר</ItemName>
      <ManufacturerName>ויסוצקי</ManufacturerName>
      <ManufactureCountry>IL</ManufactureCountry>
      <ManufacturerItemDescription>תה ירוק נענע</ManufacturerItemDescription>
      <UnitQty>גרמים</UnitQty>
      <Quantity>37.00</Quantity>
      <bIsWeighted>0</bIsWeighted>
      <UnitOfMeasure>100 גרם</UnitOfMeasure>
      <QtyInPackage>0</QtyInPackage>
      <ItemPrice>23.90</ItemPrice>
      <UnitOfMeasurePrice>64.59</UnitOfMeasurePrice>
      <AllowDiscount>1</AllowDiscount>
      <ItemStatus>1</ItemStatus>
    </Item>
    <Item>
      <PriceUpdateDate>2020-10-11 23:00</PriceUpdateDate>
      <ItemCode>7290000347752</ItemCode>
      <ItemType>1</ItemType>
      <ItemName>תה ירוק+לימונ.ולואיזה25ש</ItemName>
      <ManufacturerName>ויסוצקי</ManufacturerName>
      <ManufactureCountry>IL</ManufactureCountry>
      <ManufacturerItemDescription>תה ירוק לימונית</ManufacturerItemDescription>
      <UnitQty>גרמים</UnitQty>
      <Quantity>37.00</Quantity>
      <bIsWeighted>0</bIsWeighted>
      <UnitOfMeasure>100 גרם</UnitOfMeasure>
      <QtyInPackage>0</QtyInPackage>
      <ItemPrice>23.90</ItemPrice>
      <UnitOfMeasurePrice>64.59</UnitOfMeasurePrice>
      <AllowDiscount>1</AllowDiscount>
      <ItemStatus>1</ItemStatus>
    </Item>
    <Item>
      <PriceUpdateDate>2017-03-07 06:46</PriceUpdateDate>
      <ItemCode>7290000364261</ItemCode>
      <ItemType>1</ItemType>
      <ItemName>סלסולי כתף בקר 120 גרם</ItemName>
      <ManufacturerName>טיב טירת צבי 2000</ManufacturerName>
      <ManufactureCountry>IL</ManufactureCountry>
      <ManufacturerItemDescription>דקניקים כתף בקר</ManufacturerItemDescription>
      <UnitQty>גרמים</UnitQty>
      <Quantity>120.00</Quantity>
      <bIsWeighted>0</bIsWeighted>
      <UnitOfMeasure>100 גרם</UnitOfMeasure>
      <QtyInPackage>0</QtyInPackage>
      <ItemPrice>17.90</ItemPrice>
      <UnitOfMeasurePrice>14.92</UnitOfMeasurePrice>
      <AllowDiscount>1</AllowDiscount>
      <ItemStatus>1</ItemStatus>
    </Item>
    <Item>
      <PriceUpdateDate>2017-03-07 06:46</PriceUpdateDate>
      <ItemCode>7290000364278</ItemCode>
      <ItemType>1</ItemType>
      <ItemName>סלסולי סלמי איטלקי 120גר</ItemName>
      <ManufacturerName>טיב טירת צבי 2000</ManufacturerName>
      <ManufactureCountry>IL</ManufactureCountry>
      <ManufacturerItemDescription>דקניקים סלמי דק</ManufacturerItemDescription>
      <UnitQty>גרמים</UnitQty>
      <Quantity>120.00</Quantity>
      <bIsWeighted>0</bIsWeighted>
      <UnitOfMeasure>100 גרם</UnitOfMeasure>
      <QtyInPackage>0</QtyInPackage>
      <ItemPrice>17.90</ItemPrice>
      <UnitOfMeasurePrice>14.92</UnitOfMeasurePrice>
      <AllowDiscount>1</AllowDiscount>
      <ItemStatus>1</ItemStatus>
    </Item>
    <Item>
      <PriceUpdateDate>2017-03-07 06:46</PriceUpdateDate>
      <ItemCode>7290000364285</ItemCode>
      <ItemType>1</ItemType>
      <ItemName>סלסולי פסטרמה הודו 120גר</ItemName>
      <ManufacturerName>טיב טירת צבי 2000</ManufacturerName>
      <ManufactureCountry>IL</ManufactureCountry>
      <ManufacturerItemDescription>דקניקים פסטרמה</ManufacturerItemDescription>
      <UnitQty>גרמים</UnitQty>
      <Quantity>120.00</Quantity>
      <bIsWeighted>0</bIsWeighted>
      <UnitOfMeasure>100 גרם</UnitOfMeasure>
      <QtyInPackage>0</QtyInPackage>
      <ItemPrice>17.90</ItemPrice>
      <UnitOfMeasurePrice>14.92</UnitOfMeasurePrice>
      <AllowDiscount>1</AllowDiscount>
      <ItemStatus>1</ItemStatus>
    </Item>
    <Item>
      <PriceUpdateDate>2017-03-07 06:46</PriceUpdateDate>
      <ItemCode>7290000364292</ItemCode>
      <ItemType>1</ItemType>
      <ItemName>סלסולי פסטרמה גחלים 120ג</ItemName>
      <ManufacturerName>טיב טירת צבי 2000</ManufacturerName>
      <ManufactureCountry>IL</ManufactureCountry>
      <ManufacturerItemDescription>דקמיקים פסטרמה</ManufacturerItemDescription>
      <UnitQty>גרמים</UnitQty>
      <Quantity>120.00</Quantity>
      <bIsWeighted>0</bIsWeighted>
      <UnitOfMeasure>100 גרם</UnitOfMeasure>
      <QtyInPackage>0</QtyInPackage>
      <ItemPrice>17.90</ItemPrice>
      <UnitOfMeasurePrice>14.92</UnitOfMeasurePrice>
      <AllowDiscount>1</AllowDiscount>
      <ItemStatus>1</ItemStatus>
    </Item>
    <Item>
      <PriceUpdateDate>2017-11-14 10:38</PriceUpdateDate>
      <ItemCode>7290000379142</ItemCode>
      <ItemType>1</ItemType>
      <ItemName>לחם עינן פרוס וארוז 750ג</ItemName>
      <ManufacturerName>מאפיית שלמה א. אנג'\ל בע</ManufacturerName>
      <ManufactureCountry>IL</ManufactureCountry>
      <ManufacturerItemDescription>לחם עינן פרוס</ManufacturerItemDescription>
      <UnitQty>גרמים</UnitQty>
      <Quantity>750.00</Quantity>
      <bIsWeighted>0</bIsWeighted>
      <UnitOfMeasure>100 גרם</UnitOfMeasure>
      <QtyInPackage>0</QtyInPackage>
      <ItemPrice>17.20</ItemPrice>
      <UnitOfMeasurePrice>2.29</UnitOfMeasurePrice>
      <AllowDiscount>1</AllowDiscount>
      <ItemStatus>1</ItemStatus>
    </Item>
    <Item>
      <PriceUpdateDate>2017-11-14 10:38</PriceUpdateDate>
      <ItemCode>7290000379203</ItemCode>
      <ItemType>1</ItemType>
      <ItemName>לחם עינן קל 500 גרם</ItemName>
      <ManufacturerName>מאפיית שלמה א. אנג'\ל בע</ManufacturerName>
      <ManufactureCountry>IL</ManufactureCountry>
      <ManufacturerItemDescription>לחם עינן קל</ManufacturerItemDescription>
      <UnitQty>גרמים</UnitQty>
      <Quantity>500.00</Quantity>
      <bIsWeighted>0</bIsWeighted>
      <UnitOfMeasure>100 גרם</UnitOfMeasure>
      <QtyInPackage>0</QtyInPackage>
      <ItemPrice>16.90</ItemPrice>
      <UnitOfMeasurePrice>3.38</UnitOfMeasurePrice>
      <AllowDiscount>1</AllowDiscount>
      <ItemStatus>1</ItemStatus>
    </Item>
    <Item>
      <PriceUpdateDate>2014-03-04 15:19</PriceUpdateDate>
      <ItemCode>7290000408316</ItemCode>
      <ItemType>1</ItemType>
      <ItemName>יוגורט ביו 3% דנונה 200ג</ItemName>
      <ManufacturerName>שטראוס בריאות בע"\מ</ManufacturerName>
      <ManufactureCountry>IL</ManufactureCountry>
      <ManufacturerItemDescription>יוגורט ביו 3%</ManufacturerItemDescription>
      <UnitQty>גרמים</UnitQty>
      <Quantity>200.00</Quantity>
      <bIsWeighted>0</bIsWeighted>
      <UnitOfMeasure>100 גרם</UnitOfMeasure>
      <QtyInPackage>0</QtyInPackage>
      <ItemPrice>3.70</ItemPrice>
      <UnitOfMeasurePrice>1.85</UnitOfMeasurePrice>
      <AllowDiscount>1</AllowDiscount>
      <ItemStatus>1</ItemStatus>
    </Item>
    <Item>
      <PriceUpdateDate>2018-02-21 10:09</PriceUpdateDate>
      <ItemCode>7290000408354</ItemCode>
      <ItemType>1</ItemType>
      <ItemName>דנונה בר פצפוצים 173 גרם</ItemName>
      <ManufacturerName>שטראוס בריאות בע"\מ</ManufacturerName>
      <ManufactureCountry>IL</ManufactureCountry>
      <ManufacturerItemDescription>דנונה בר פצפוצים</ManufacturerItemDescription>
      <UnitQty>גרמים</UnitQty>
      <Quantity>173.00</Quantity>
      <bIsWeighted>0</bIsWeighted>
      <UnitOfMeasure>100 גרם</UnitOfMeasure>
      <QtyInPackage>0</QtyInPackage>
      <ItemPrice>4.80</ItemPrice>
      <UnitOfMeasurePrice>2.77</UnitOfMeasurePrice>
      <AllowDiscount>1</AllowDiscount>
      <ItemStatus>1</ItemStatus>
    </Item>
    <Item>
      <PriceUpdateDate>2017-02-07 07:16</PriceUpdateDate>
      <ItemCode>7290000416021</ItemCode>
      <ItemType>1</ItemType>
      <ItemName>ממרח בטעם שוקולד 500גר</ItemName>
      <ManufacturerName>השחר העולה</ManufacturerName>
      <ManufactureCountry>IL</ManufactureCountry>
      <ManufacturerItemDescription>ממרח השחר</ManufacturerItemDescription>
      <UnitQty>גרמים</UnitQty>
      <Quantity>500.00</Quantity>
      <bIsWeighted>0</bIsWeighted>
      <UnitOfMeasure>100 גרם</UnitOfMeasure>
      <QtyInPackage>0</QtyInPackage>
      <ItemPrice>13.90</ItemPrice>
      <UnitOfMeasurePrice>2.78</UnitOfMeasurePrice>
      <AllowDiscount>1</AllowDiscount>
      <ItemStatus>1</ItemStatus>
    </Item>
    <Item>
      <PriceUpdateDate>2020-10-10 19:00</PriceUpdateDate>
      <ItemCode>7290000419107</ItemCode>
      <ItemType>1</ItemType>
      <ItemName>קפה שחור לנדוור 100 גרם</ItemName>
      <ManufacturerName>קפה לנדוור בע"\מ</ManufacturerName>
      <ManufactureCountry>IL</ManufactureCountry>
      <ManufacturerItemDescription>קפה שחור לנדוור</ManufacturerItemDescription>
      <UnitQty>גרמים</UnitQty>
      <Quantity>100.00</Quantity>
      <bIsWeighted>0</bIsWeighted>
      <UnitOfMeasure>100 גרם</UnitOfMeasure>
      <QtyInPackage>0</QtyInPackage>
      <ItemPrice>7.90</ItemPrice>
      <UnitOfMeasurePrice>7.90</UnitOfMeasurePrice>
      <AllowDiscount>1</AllowDiscount>
      <ItemStatus>1</ItemStatus>
    </Item>
    <Item>
      <PriceUpdateDate>2019-01-23 17:53</PriceUpdateDate>
      <ItemCode>7290000433684</ItemCode>
      <ItemType>1</ItemType>
      <ItemName>פפסי קולה 1.5 ליטר</ItemName>
      <ManufacturerName>טמפו משקאות בע"מ</ManufacturerName>
      <ManufactureCountry>IL</ManufactureCountry>
      <ManufacturerItemDescription>פפסי קולה</ManufacturerItemDescription>
      <UnitQty>ליטרים</UnitQty>
      <Quantity>1.50</Quantity>
      <bIsWeighted>0</bIsWeighted>
      <UnitOfMeasure>ליטר</UnitOfMeasure>
      <QtyInPackage>0</QtyInPackage>
      <ItemPrice>6.00</ItemPrice>
      <UnitOfMeasurePrice>4.00</UnitOfMeasurePrice>
      <AllowDiscount>1</AllowDiscount>
      <ItemStatus>1</ItemStatus>
    </Item>
    <Item>
      <PriceUpdateDate>2019-01-23 17:53</PriceUpdateDate>
      <ItemCode>7290000433745</ItemCode>
      <ItemType>1</ItemType>
      <ItemName>מירינדה 1.5 ליטר</ItemName>
      <ManufacturerName>טמפו משקאות בע"מ</ManufacturerName>
      <ManufactureCountry>IL</ManufactureCountry>
      <ManufacturerItemDescription>מירינדה תפוזים</ManufacturerItemDescription>
      <UnitQty>ליטרים</UnitQty>
      <Quantity>1.50</Quantity>
      <bIsWeighted>0</bIsWeighted>
      <UnitOfMeasure>ליטר</UnitOfMeasure>
      <QtyInPackage>0</QtyInPackage>
      <ItemPrice>6.20</ItemPrice>
      <UnitOfMeasurePrice>4.13</UnitOfMeasurePrice>
      <AllowDiscount>1</AllowDiscount>
      <ItemStatus>1</ItemStatus>
    </Item>
    <Item>
      <PriceUpdateDate>2019-01-23 17:53</PriceUpdateDate>
      <ItemCode>7290000433899</ItemCode>
      <ItemType>1</ItemType>
      <ItemName>דיאט סבן אפ 1.5 ליטר</ItemName>
      <ManufacturerName>טמפו</ManufacturerName>
      <ManufactureCountry>IL</ManufactureCountry>
      <ManufacturerItemDescription>דיאט סבן אפ</ManufacturerItemDescription>
      <UnitQty>ליטרים</UnitQty>
      <Quantity>1.50</Quantity>
      <bIsWeighted>0</bIsWeighted>
      <UnitOfMeasure>ליטר</UnitOfMeasure>
      <QtyInPackage>0</QtyInPackage>
      <ItemPrice>6.20</ItemPrice>
      <UnitOfMeasurePrice>4.13</UnitOfMeasurePrice>
      <AllowDiscount>1</AllowDiscount>
      <ItemStatus>1</ItemStatus>
    </Item>
    <Item>
      <PriceUpdateDate>2019-01-23 17:53</PriceUpdateDate>
      <ItemCode>7290000433974</ItemCode>
      <ItemType>1</ItemType>
      <ItemName>פפסי מקס 1.5 ליטר</ItemName>
      <ManufacturerName>טמפו משקאות בע"מ</ManufacturerName>
      <ManufactureCountry>IL</ManufactureCountry>
      <ManufacturerItemDescription>פפסי מקס</ManufacturerItemDescription>
      <UnitQty>ליטרים</UnitQty>
      <Quantity>1.50</Quantity>
      <bIsWeighted>0</bIsWeighted>
      <UnitOfMeasure>ליטר</UnitOfMeasure>
      <QtyInPackage>0</QtyInPackage>
      <ItemPrice>6.50</ItemPrice>
      <UnitOfMeasurePrice>4.33</UnitOfMeasurePrice>
      <AllowDiscount>1</AllowDiscount>
      <ItemStatus>1</ItemStatus>
    </Item>
    <Item>
      <PriceUpdateDate>2019-03-12 14:39</PriceUpdateDate>
      <ItemCode>7290000446547</ItemCode>
      <ItemType>1</ItemType>
      <ItemName>חמאת בוטנים</ItemName>
      <ManufacturerName />
      <ManufactureCountry>IL</ManufactureCountry>
      <ManufacturerItemDescription>חמאת בוטנים</ManufacturerItemDescription>
      <UnitQty>גרמים</UnitQty>
      <Quantity>350.00</Quantity>
      <bIsWeighted>0</bIsWeighted>
      <UnitOfMeasure>100 גרם</UnitOfMeasure>
      <QtyInPackage>0</QtyInPackage>
      <ItemPrice>15.90</ItemPrice>
      <UnitOfMeasurePrice>4.54</UnitOfMeasurePrice>
      <AllowDiscount>1</AllowDiscount>
      <ItemStatus>1</ItemStatus>
    </Item>
    <Item>
      <PriceUpdateDate>2017-02-07 07:16</PriceUpdateDate>
      <ItemCode>7290000461625</ItemCode>
      <ItemType>1</ItemType>
      <ItemName>בייגלה שמיניות מלוח400גר</ItemName>
      <ManufacturerName>בייגל את בייגל מזון 198)</ManufacturerName>
      <ManufactureCountry>IL</ManufactureCountry>
      <ManufacturerItemDescription>בייגלה שמיניות</ManufacturerItemDescription>
      <UnitQty>גרמים</UnitQty>
      <Quantity>400.00</Quantity>
      <bIsWeighted>0</bIsWeighted>
      <UnitOfMeasure>100 גרם</UnitOfMeasure>
      <QtyInPackage>0</QtyInPackage>
      <ItemPrice>12.20</ItemPrice>
      <UnitOfMeasurePrice>3.05</UnitOfMeasurePrice>
      <AllowDiscount>1</AllowDiscount>
      <ItemStatus>1</ItemStatus>
    </Item>
    <Item>
      <PriceUpdateDate>2018-07-26 09:59</PriceUpdateDate>
      <ItemCode>7290000462103</ItemCode>
      <ItemType>1</ItemType>
      <ItemName>סחוג זהבי אדום 150 גרם</ItemName>
      <ManufacturerName>זהבי הכרם</ManufacturerName>
      <ManufactureCountry>IL</ManufactureCountry>
      <ManufacturerItemDescription>סחוג זהבי אדום</ManufacturerItemDescription>
      <UnitQty>גרמים</UnitQty>
      <Quantity>150.00</Quantity>
      <bIsWeighted>0</bIsWeighted>
      <UnitOfMeasure>100 גרם</UnitOfMeasure>
      <QtyInPackage>0</QtyInPackage>
      <ItemPrice>8.90</ItemPrice>
      <UnitOfMeasurePrice>5.93</UnitOfMeasurePrice>
      <AllowDiscount>1</AllowDiscount>
      <ItemStatus>1</ItemStatus>
    </Item>
    <Item>
      <PriceUpdateDate>2018-07-26 09:59</PriceUpdateDate>
      <ItemCode>7290000462141</ItemCode>
      <ItemType>1</ItemType>
      <ItemName>זחוק אדום חריף מאוד 150ג</ItemName>
      <ManufacturerName>זהבי הכרם</ManufacturerName>
      <ManufactureCountry>IL</ManufactureCountry>
      <ManufacturerItemDescription>זחוק אדום חריף</ManufacturerItemDescription>
      <UnitQty>גרמים</UnitQty>
      <Quantity>150.00</Quantity>
      <bIsWeighted>0</bIsWeighted>
      <UnitOfMeasure>100 גרם</UnitOfMeasure>
      <QtyInPackage>0</QtyInPackage>
      <ItemPrice>8.90</ItemPrice>
      <UnitOfMeasurePrice>5.93</UnitOfMeasurePrice>
      <AllowDiscount>1</AllowDiscount>
      <ItemStatus>1</ItemStatus>
    </Item>
    <Item>
      <PriceUpdateDate>2018-07-26 09:59</PriceUpdateDate>
      <ItemCode>7290000462172</ItemCode>
      <ItemType>1</ItemType>
      <ItemName>סחוג זהבי ירוק 150 גרם</ItemName>
      <ManufacturerName>זהבי הכרם</ManufacturerName>
      <ManufactureCountry>IL</ManufactureCountry>
      <ManufacturerItemDescription>סחוג זהבי ירוק</ManufacturerItemDescription>
      <UnitQty>גרמים</UnitQty>
      <Quantity>150.00</Quantity>
      <bIsWeighted>0</bIsWeighted>
      <UnitOfMeasure>100 גרם</UnitOfMeasure>
      <QtyInPackage>0</QtyInPackage>
      <ItemPrice>8.90</ItemPrice>
      <UnitOfMeasurePrice>5.93</UnitOfMeasurePrice>
      <AllowDiscount>1</AllowDiscount>
      <ItemStatus>1</ItemStatus>
    </Item>
    <Item>
      <PriceUpdateDate>2019-10-07 12:47</PriceUpdateDate>
      <ItemCode>7290000467177</ItemCode>
      <ItemType>1</ItemType>
      <ItemName>מלפפון 12-10 בחומץ 560גר</ItemName>
      <ManufacturerName>בית-השיטה עסיס תעשיות מז</ManufacturerName>
      <ManufactureCountry>IL</ManufactureCountry>
      <ManufacturerItemDescription>מלפפונים בחומץ</ManufacturerItemDescription>
      <UnitQty>גרמים</UnitQty>
      <Quantity>560.00</Quantity>
      <bIsWeighted>0</bIsWeighted>
      <UnitOfMeasure>100 גרם</UnitOfMeasure>
      <QtyInPackage>0</QtyInPackage>
      <ItemPrice>7.90</ItemPrice>
      <UnitOfMeasurePrice>1.41</UnitOfMeasurePrice>
      <AllowDiscount>1</AllowDiscount>
      <ItemStatus>1</ItemStatus>
    </Item>
    <Item>
      <PriceUpdateDate>2019-10-07 12:47</PriceUpdateDate>
      <ItemCode>7290000467191</ItemCode>
      <ItemType>1</ItemType>
      <ItemName>מלפ.בחומץ18-25 560 גרם</ItemName>
      <ManufacturerName>בית-השיטה עסיס תעשיות מז</ManufacturerName>
      <ManufactureCountry>IL</ManufactureCountry>
      <ManufacturerItemDescription>מלפפונים בחומץ</ManufacturerItemDescription>
      <UnitQty>גרמים</UnitQty>
      <Quantity>560.00</Quantity>
      <bIsWeighted>0</bIsWeighted>
      <UnitOfMeasure>100 גרם</UnitOfMeasure>
      <QtyInPackage>0</QtyInPackage>
      <ItemPrice>12.90</ItemPrice>
      <UnitOfMeasurePrice>2.30</UnitOfMeasurePrice>
      <AllowDiscount>1</AllowDiscount>
      <ItemStatus>1</ItemStatus>
    </Item>
    <Item>
      <PriceUpdateDate>2019-06-19 08:00</PriceUpdateDate>
      <ItemCode>7290000474502</ItemCode>
      <ItemType>1</ItemType>
      <ItemName>גבינה לבנה 5% טרה 250 גר</ItemName>
      <ManufacturerName>טרה</ManufacturerName>
      <ManufactureCountry>IL</ManufactureCountry>
      <ManufacturerItemDescription>גבינה לבנה 5%</ManufacturerItemDescription>
      <UnitQty>גרמים</UnitQty>
      <Quantity>250.00</Quantity>
      <bIsWeighted>0</bIsWeighted>
      <UnitOfMeasure>100 גרם</UnitOfMeasure>
      <QtyInPackage>0</QtyInPackage>
      <ItemPrice>4.75</ItemPrice>
      <UnitOfMeasurePrice>1.90</UnitOfMeasurePrice>
      <AllowDiscount>1</AllowDiscount>
      <ItemStatus>1</ItemStatus>
    </Item>
    <Item>
      <PriceUpdateDate>2018-10-16 14:18</PriceUpdateDate>
      <ItemCode>7290000474540</ItemCode>
      <ItemType>1</ItemType>
      <ItemName>גבי. טוב טעם 3% 250גרם</ItemName>
      <ManufacturerName>טרה</ManufacturerName>
      <ManufactureCountry>IL</ManufactureCountry>
      <ManufacturerItemDescription>גבינת טוב טעם3%</ManufacturerItemDescription>
      <UnitQty>גרמים</UnitQty>
      <Quantity>250.00</Quantity>
      <bIsWeighted>0</bIsWeighted>
      <UnitOfMeasure>100 גרם</UnitOfMeasure>
      <QtyInPackage>0</QtyInPackage>
      <ItemPrice>11.70</ItemPrice>
      <UnitOfMeasurePrice>4.68</UnitOfMeasurePrice>
      <AllowDiscount>1</AllowDiscount>
      <ItemStatus>1</ItemStatus>
    </Item>
    <Item>
      <PriceUpdateDate>2020-10-10 18:30</PriceUpdateDate>
      <ItemCode>7290000474830</ItemCode>
      <ItemType>1</ItemType>
      <ItemName>גבינה צהובה מגורדת 500גר</ItemName>
      <ManufacturerName>מילקו תעשיות בעמ</ManufacturerName>
      <ManufactureCountry>IL</ManufactureCountry>
      <ManufacturerItemDescription>צהובה מגורדת</ManufacturerItemDescription>
      <UnitQty>גרמים</UnitQty>
      <Quantity>500.00</Quantity>
      <bIsWeighted>0</bIsWeighted>
      <UnitOfMeasure>100 גרם</UnitOfMeasure>
      <QtyInPackage>0</QtyInPackage>
      <ItemPrice>27.90</ItemPrice>
      <UnitOfMeasurePrice>5.58</UnitOfMeasurePrice>
      <AllowDiscount>1</AllowDiscount>
      <ItemStatus>1</ItemStatus>
    </Item>
    <Item>
      <PriceUpdateDate>2018-01-30 11:39</PriceUpdateDate>
      <ItemCode>7290000480107</ItemCode>
      <ItemType>1</ItemType>
      <ItemName>קוואקר שיבולת שועל פח500</ItemName>
      <ManufacturerName>עלית</ManufacturerName>
      <ManufactureCountry>GB</ManufactureCountry>
      <ManufacturerItemDescription>קוואקר שיבולת</ManufacturerItemDescription>
      <UnitQty>גרמים</UnitQty>
      <Quantity>500.00</Quantity>
      <bIsWeighted>0</bIsWeighted>
      <UnitOfMeasure>100 גרם</UnitOfMeasure>
      <QtyInPackage>0</QtyInPackage>
      <ItemPrice>15.60</ItemPrice>
      <UnitOfMeasurePrice>3.12</UnitOfMeasurePrice>
      <AllowDiscount>1</AllowDiscount>
      <ItemStatus>1</ItemStatus>
    </Item>
    <Item>
      <PriceUpdateDate>2015-09-30 08:04</PriceUpdateDate>
      <ItemCode>7290000480442</ItemCode>
      <ItemType>1</ItemType>
      <ItemName>קוואקר באריזת אלומינ500ג</ItemName>
      <ManufacturerName>עלית</ManufacturerName>
      <ManufactureCountry>IL</ManufactureCountry>
      <ManufacturerItemDescription>קוואקר</ManufacturerItemDescription>
      <UnitQty>גרמים</UnitQty>
      <Quantity>500.00</Quantity>
      <bIsWeighted>0</bIsWeighted>
      <UnitOfMeasure>100 גרם</UnitOfMeasure>
      <QtyInPackage>0</QtyInPackage>
      <ItemPrice>14.80</ItemPrice>
      <UnitOfMeasurePrice>2.96</UnitOfMeasurePrice>
      <AllowDiscount>1</AllowDiscount>
      <ItemStatus>1</ItemStatus>
    </Item>
    <Item>
      <PriceUpdateDate>2020-07-29 08:36</PriceUpdateDate>
      <ItemCode>7290000481029</ItemCode>
      <ItemType>1</ItemType>
      <ItemName>פיתות בטעם ביתי 10 יחידו</ItemName>
      <ManufacturerName>דגנית עין בר תעשיות מזון</ManufacturerName>
      <ManufactureCountry>IL</ManufactureCountry>
      <ManufacturerItemDescription>פיתות בטעם ביתי</ManufacturerItemDescription>
      <UnitQty>יחידה</UnitQty>
      <Quantity>1.00</Quantity>
      <bIsWeighted>0</bIsWeighted>
      <UnitOfMeasure>יחידה</UnitOfMeasure>
      <QtyInPackage>1</QtyInPackage>
      <ItemPrice>10.90</ItemPrice>
      <UnitOfMeasurePrice>10.90</UnitOfMeasurePrice>
      <AllowDiscount>1</AllowDiscount>
      <ItemStatus>1</ItemStatus>
    </Item>
    <Item>
      <PriceUpdateDate>2019-08-13 08:20</PriceUpdateDate>
      <ItemCode>7290000484747</ItemCode>
      <ItemType>1</ItemType>
      <ItemName>עלית הארק 700 מ"ל</ItemName>
      <ManufacturerName>יקב הגליל יוסף גולד ובני</ManufacturerName>
      <ManufactureCountry>IL</ManufactureCountry>
      <ManufacturerItemDescription>עלית הארק</ManufacturerItemDescription>
      <UnitQty>מיליליטרים</UnitQty>
      <Quantity>700.00</Quantity>
      <bIsWeighted>0</bIsWeighted>
      <UnitOfMeasure>100 מ"ל</UnitOfMeasure>
      <QtyInPackage>1</QtyInPackage>
      <ItemPrice>59.90</ItemPrice>
      <UnitOfMeasurePrice>8.56</UnitOfMeasurePrice>
      <AllowDiscount>1</AllowDiscount>
      <ItemStatus>1</ItemStatus>
    </Item>
    <Item>
      <PriceUpdateDate>2017-08-01 07:06</PriceUpdateDate>
      <ItemCode>7290000493176</ItemCode>
      <ItemType>1</ItemType>
      <ItemName>רוטב צלי לבשר בשקית22ג</ItemName>
      <ManufacturerName>אסם השקעות בע"\מ</ManufacturerName>
      <ManufactureCountry>IL</ManufactureCountry>
      <ManufacturerItemDescription>רוטב צלי לבשר</ManufacturerItemDescription>
      <UnitQty>גרמים</UnitQty>
      <Quantity>22.00</Quantity>
      <bIsWeighted>0</bIsWeighted>
      <UnitOfMeasure>100 גרם</UnitOfMeasure>
      <QtyInPackage>0</QtyInPackage>
      <ItemPrice>4.70</ItemPrice>
      <UnitOfMeasurePrice>21.36</UnitOfMeasurePrice>
      <AllowDiscount>1</AllowDiscount>
      <ItemStatus>1</ItemStatus>
    </Item>
    <Item>
      <PriceUpdateDate>2014-07-21 07:12</PriceUpdateDate>
      <ItemCode>7290000493183</ItemCode>
      <ItemType>1</ItemType>
      <ItemName>רוטב פטריות לבשר-אבקה30ג</ItemName>
      <ManufacturerName>אסם השקעות בע"\מ</ManufacturerName>
      <ManufactureCountry>IL</ManufactureCountry>
      <ManufacturerItemDescription>רוטב פטריות</ManufacturerItemDescription>
      <UnitQty>גרמים</UnitQty>
      <Quantity>30.00</Quantity>
      <bIsWeighted>0</bIsWeighted>
      <UnitOfMeasure>100 גרם</UnitOfMeasure>
      <QtyInPackage>0</QtyInPackage>
      <ItemPrice>4.00</ItemPrice>
      <UnitOfMeasurePrice>13.33</UnitOfMeasurePrice>
      <AllowDiscount>1</AllowDiscount>
      <ItemStatus>1</ItemStatus>
    </Item>
    <Item>
      <PriceUpdateDate>2019-01-31 10:29</PriceUpdateDate>
      <ItemCode>7290000497044</ItemCode>
      <ItemType>1</ItemType>
      <ItemName>לחם ברמן אקטיב 750 גרם</ItemName>
      <ManufacturerName>י.את.א.ברמן בע"\מ</ManufacturerName>
      <ManufactureCountry>IL</ManufactureCountry>
      <ManufacturerItemDescription>לחם ברמן אקטיב</ManufacturerItemDescription>
      <UnitQty>גרמים</UnitQty>
      <Quantity>750.00</Quantity>
      <bIsWeighted>0</bIsWeighted>
      <UnitOfMeasure>100 גרם</UnitOfMeasure>
      <QtyInPackage>0</QtyInPackage>
      <ItemPrice>16.50</ItemPrice>
      <UnitOfMeasurePrice>2.20</UnitOfMeasurePrice>
      <AllowDiscount>1</AllowDiscount>
      <ItemStatus>1</ItemStatus>
    </Item>
    <Item>
      <PriceUpdateDate>2015-09-30 08:09</PriceUpdateDate>
      <ItemCode>7290000497204</ItemCode>
      <ItemType>1</ItemType>
      <ItemName>פיתות בשקית 100*5 גרם</ItemName>
      <ManufacturerName>י.את.א.ברמן בע"\מ</ManufacturerName>
      <ManufactureCountry>IL</ManufactureCountry>
      <ManufacturerItemDescription>פיתות ברמן 5 יח</ManufacturerItemDescription>
      <UnitQty>גרמים</UnitQty>
      <Quantity>500.00</Quantity>
      <bIsWeighted>0</bIsWeighted>
      <UnitOfMeasure>100 גרם</UnitOfMeasure>
      <QtyInPackage>0</QtyInPackage>
      <ItemPrice>8.80</ItemPrice>
      <UnitOfMeasurePrice>1.76</UnitOfMeasurePrice>
      <AllowDiscount>1</AllowDiscount>
      <ItemStatus>1</ItemStatus>
    </Item>
    <Item>
      <PriceUpdateDate>2020-08-04 16:29</PriceUpdateDate>
      <ItemCode>7290000497228</ItemCode>
      <ItemType>1</ItemType>
      <ItemName>לחמניות רגילות 75*6 גרם</ItemName>
      <ManufacturerName>י.את.א.ברמן בע"\מ</ManufacturerName>
      <ManufactureCountry>IL</ManufactureCountry>
      <ManufacturerItemDescription>6 לחמניות בשקית</ManufacturerItemDescription>
      <UnitQty>גרמים</UnitQty>
      <Quantity>450.00</Quantity>
      <bIsWeighted>0</bIsWeighted>
      <UnitOfMeasure>100 גרם</UnitOfMeasure>
      <QtyInPackage>0</QtyInPackage>
      <ItemPrice>11.90</ItemPrice>
      <UnitOfMeasurePrice>2.64</UnitOfMeasurePrice>
      <AllowDiscount>1</AllowDiscount>
      <ItemStatus>1</ItemStatus>
    </Item>
    <Item>
      <PriceUpdateDate>2018-03-06 07:23</PriceUpdateDate>
      <ItemCode>7290000497273</ItemCode>
      <ItemType>1</ItemType>
      <ItemName>לחמניות אקטיב 75*6 גרם</ItemName>
      <ManufacturerName>י.את.א.ברמן בע"\מ</ManufacturerName>
      <ManufactureCountry>IL</ManufactureCountry>
      <ManufacturerItemDescription>6 לחמניות אקטיב</ManufacturerItemDescription>
      <UnitQty>גרמים</UnitQty>
      <Quantity>450.00</Quantity>
      <bIsWeighted>0</bIsWeighted>
      <UnitOfMeasure>100 גרם</UnitOfMeasure>
      <QtyInPackage>1</QtyInPackage>
      <ItemPrice>13.90</ItemPrice>
      <UnitOfMeasurePrice>3.09</UnitOfMeasurePrice>
      <AllowDiscount>1</AllowDiscount>
      <ItemStatus>1</ItemStatus>
    </Item>
    <Item>
      <PriceUpdateDate>2019-01-31 10:29</PriceUpdateDate>
      <ItemCode>7290000497303</ItemCode>
      <ItemType>1</ItemType>
      <ItemName>לחמניות מקמח מלא 75*6 גר</ItemName>
      <ManufacturerName>י.את.א.ברמן בע"\מ</ManufacturerName>
      <ManufactureCountry>IL</ManufactureCountry>
      <ManufacturerItemDescription>6לחמניות קמח מלא</ManufacturerItemDescription>
      <UnitQty>גרמים</UnitQty>
      <Quantity>450.00</Quantity>
      <bIsWeighted>0</bIsWeighted>
      <UnitOfMeasure>100 גרם</UnitOfMeasure>
      <QtyInPackage>0</QtyInPackage>
      <ItemPrice>12.90</ItemPrice>
      <UnitOfMeasurePrice>2.87</UnitOfMeasurePrice>
      <AllowDiscount>1</AllowDiscount>
      <ItemStatus>1</ItemStatus>
    </Item>
    <Item>
      <PriceUpdateDate>2019-01-31 10:29</PriceUpdateDate>
      <ItemCode>7290000497426</ItemCode>
      <ItemType>1</ItemType>
      <ItemName>לחם ברמן קל לענין 500גרם</ItemName>
      <ManufacturerName>י.את.א.ברמן בע"\מ</ManufacturerName>
      <ManufactureCountry>IL</ManufactureCountry>
      <ManufacturerItemDescription>לחם ברמן קל</ManufacturerItemDescription>
      <UnitQty>גרמים</UnitQty>
      <Quantity>500.00</Quantity>
      <bIsWeighted>0</bIsWeighted>
      <UnitOfMeasure>100 גרם</UnitOfMeasure>
      <QtyInPackage>0</QtyInPackage>
      <ItemPrice>15.90</ItemPrice>
      <UnitOfMeasurePrice>3.18</UnitOfMeasurePrice>
      <AllowDiscount>1</AllowDiscount>
      <ItemStatus>1</ItemStatus>
    </Item>
    <Item>
      <PriceUpdateDate>2018-01-02 16:14</PriceUpdateDate>
      <ItemCode>7290000497457</ItemCode>
      <ItemType>1</ItemType>
      <ItemName>לחם דגנים 750 גרם</ItemName>
      <ManufacturerName>י.את.א.ברמן בע"\מ</ManufacturerName>
      <ManufactureCountry>IL</ManufactureCountry>
      <ManufacturerItemDescription>לחם דגנים</ManufacturerItemDescription>
      <UnitQty>גרמים</UnitQty>
      <Quantity>750.00</Quantity>
      <bIsWeighted>0</bIsWeighted>
      <UnitOfMeasure>100 גרם</UnitOfMeasure>
      <QtyInPackage>0</QtyInPackage>
      <ItemPrice>14.80</ItemPrice>
      <UnitOfMeasurePrice>1.97</UnitOfMeasurePrice>
      <AllowDiscount>1</AllowDiscount>
      <ItemStatus>1</ItemStatus>
    </Item>
    <Item>
      <PriceUpdateDate>2019-01-31 10:29</PriceUpdateDate>
      <ItemCode>7290000497488</ItemCode>
      <ItemType>1</ItemType>
      <ItemName>חלה קלה 500 גרם</ItemName>
      <ManufacturerName>י.את.א.ברמן בע"\מ</ManufacturerName>
      <ManufactureCountry>IL</ManufactureCountry>
      <ManufacturerItemDescription>חלה קלה</ManufacturerItemDescription>
      <UnitQty>גרמים</UnitQty>
      <Quantity>500.00</Quantity>
      <bIsWeighted>0</bIsWeighted>
      <UnitOfMeasure>100 גרם</UnitOfMeasure>
      <QtyInPackage>0</QtyInPackage>
      <ItemPrice>15.90</ItemPrice>
      <UnitOfMeasurePrice>3.18</UnitOfMeasurePrice>
      <AllowDiscount>1</AllowDiscount>
      <ItemStatus>1</ItemStatus>
    </Item>
    <Item>
      <PriceUpdateDate>2019-01-31 10:29</PriceUpdateDate>
      <ItemCode>7290000497532</ItemCode>
      <ItemType>1</ItemType>
      <ItemName>לחם ברמן לענין 750 גרם</ItemName>
      <ManufacturerName>י.את.א.ברמן בע"\מ</ManufacturerName>
      <ManufactureCountry>IL</ManufactureCountry>
      <ManufacturerItemDescription>לחם ברמן לענין</ManufacturerItemDescription>
      <UnitQty>גרמים</UnitQty>
      <Quantity>750.00</Quantity>
      <bIsWeighted>0</bIsWeighted>
      <UnitOfMeasure>100 גרם</UnitOfMeasure>
      <QtyInPackage>0</QtyInPackage>
      <ItemPrice>14.50</ItemPrice>
      <UnitOfMeasurePrice>1.93</UnitOfMeasurePrice>
      <AllowDiscount>1</AllowDiscount>
      <ItemStatus>1</ItemStatus>
    </Item>
    <Item>
      <PriceUpdateDate>2019-01-31 10:29</PriceUpdateDate>
      <ItemCode>7290000497570</ItemCode>
      <ItemType>1</ItemType>
      <ItemName>לחם דגני קלות פרוס 500גר</ItemName>
      <ManufacturerName>י.את.א.ברמן בע"\מ</ManufacturerName>
      <ManufactureCountry>IL</ManufactureCountry>
      <ManufacturerItemDescription>לחם דגני קלות</ManufacturerItemDescription>
      <UnitQty>גרמים</UnitQty>
      <Quantity>500.00</Quantity>
      <bIsWeighted>0</bIsWeighted>
      <UnitOfMeasure>100 גרם</UnitOfMeasure>
      <QtyInPackage>0</QtyInPackage>
      <ItemPrice>15.90</ItemPrice>
      <UnitOfMeasurePrice>3.18</UnitOfMeasurePrice>
      <AllowDiscount>1</AllowDiscount>
      <ItemStatus>1</ItemStatus>
    </Item>
    <Item>
      <PriceUpdateDate>2019-01-31 10:29</PriceUpdateDate>
      <ItemCode>7290000498003</ItemCode>
      <ItemType>1</ItemType>
      <ItemName>לחם E-FREE קמח חיטה750ג</ItemName>
      <ManufacturerName>מאפית ברמן</ManufacturerName>
      <ManufactureCountry>IL</ManufactureCountry>
      <ManufacturerItemDescription>לחם מקמח חיטה</ManufacturerItemDescription>
      <UnitQty>גרמים</UnitQty>
      <Quantity>750.00</Quantity>
      <bIsWeighted>0</bIsWeighted>
      <UnitOfMeasure>100 גרם</UnitOfMeasure>
      <QtyInPackage>1</QtyInPackage>
      <ItemPrice>16.90</ItemPrice>
      <UnitOfMeasurePrice>2.25</UnitOfMeasurePrice>
      <AllowDiscount>1</AllowDiscount>
      <ItemStatus>1</ItemStatus>
    </Item>
    <Item>
      <PriceUpdateDate>2019-11-15 05:41</PriceUpdateDate>
      <ItemCode>7290000498034</ItemCode>
      <ItemType>1</ItemType>
      <ItemName>לחם E-FREEקמח כוסמי750ג</ItemName>
      <ManufacturerName>מאפית ברמן</ManufacturerName>
      <ManufactureCountry>IL</ManufactureCountry>
      <ManufacturerItemDescription>לחם מקמח כוסמין</ManufacturerItemDescription>
      <UnitQty>גרמים</UnitQty>
      <Quantity>750.00</Quantity>
      <bIsWeighted>0</bIsWeighted>
      <UnitOfMeasure>100 גרם</UnitOfMeasure>
      <QtyInPackage>1</QtyInPackage>
      <ItemPrice>16.90</ItemPrice>
      <UnitOfMeasurePrice>2.25</UnitOfMeasurePrice>
      <AllowDiscount>1</AllowDiscount>
      <ItemStatus>1</ItemStatus>
    </Item>
    <Item>
      <PriceUpdateDate>2013-12-24 06:31</PriceUpdateDate>
      <ItemCode>7290000498157</ItemCode>
      <ItemType>1</ItemType>
      <ItemName>לחמניה שמיניה כפולה/פרג</ItemName>
      <ManufacturerName>מאפית ברמן</ManufacturerName>
      <ManufactureCountry>IL</ManufactureCountry>
      <ManufacturerItemDescription>לחמניה כפולה/פרג</ManufacturerItemDescription>
      <UnitQty>יחידה</UnitQty>
      <Quantity>1.00</Quantity>
      <bIsWeighted>0</bIsWeighted>
      <UnitOfMeasure>יחידה</UnitOfMeasure>
      <QtyInPackage>0</QtyInPackage>
      <ItemPrice>3.60</ItemPrice>
      <UnitOfMeasurePrice>3.60</UnitOfMeasurePrice>
      <AllowDiscount>1</AllowDiscount>
      <ItemStatus>1</ItemStatus>
    </Item>
    <Item>
      <PriceUpdateDate>2020-08-04 16:29</PriceUpdateDate>
      <ItemCode>7290000504278</ItemCode>
      <ItemType>1</ItemType>
      <ItemName>סוכרזית פטנט 700 טבליות</ItemName>
      <ManufacturerName>ביסקול בע"מ</ManufacturerName>
      <ManufactureCountry>IL</ManufactureCountry>
      <ManufacturerItemDescription>סוכרזית טבליות</ManufacturerItemDescription>
      <UnitQty>גרמים</UnitQty>
      <Quantity>57.00</Quantity>
      <bIsWeighted>0</bIsWeighted>
      <UnitOfMeasure>100 גרם</UnitOfMeasure>
      <QtyInPackage>0</QtyInPackage>
      <ItemPrice>17.90</ItemPrice>
      <UnitOfMeasurePrice>31.40</UnitOfMeasurePrice>
      <AllowDiscount>1</AllowDiscount>
      <ItemStatus>1</ItemStatus>
    </Item>
    <Item>
      <PriceUpdateDate>2016-10-25 06:52</PriceUpdateDate>
      <ItemCode>7290000521015</ItemCode>
      <ItemType>1</ItemType>
      <ItemName>יין לבן יבש של סגל750מ"ל</ItemName>
      <ManufacturerName>יינות סגל</ManufacturerName>
      <ManufactureCountry>IL</ManufactureCountry>
      <ManufacturerItemDescription>יין לבן של סגל</ManufacturerItemDescription>
      <UnitQty>מיליליטרים</UnitQty>
      <Quantity>750.00</Quantity>
      <bIsWeighted>0</bIsWeighted>
      <UnitOfMeasure>100 מ"ל</UnitOfMeasure>
      <QtyInPackage>0</QtyInPackage>
      <ItemPrice>22.00</ItemPrice>
      <UnitOfMeasurePrice>2.93</UnitOfMeasurePrice>
      <AllowDiscount>1</AllowDiscount>
      <ItemStatus>1</ItemStatus>
    </Item>
    <Item>
      <PriceUpdateDate>2015-09-30 08:04</PriceUpdateDate>
      <ItemCode>7290000523224</ItemCode>
      <ItemType>1</ItemType>
      <ItemName>מלח ים דק 500 גרם</ItemName>
      <ManufacturerName>תעשיות מלח לישראל</ManufacturerName>
      <ManufactureCountry>IL</ManufactureCountry>
      <ManufacturerItemDescription>מלח ים דק</ManufacturerItemDescription>
      <UnitQty>גרמים</UnitQty>
      <Quantity>500.00</Quantity>
      <bIsWeighted>0</bIsWeighted>
      <UnitOfMeasure>100 גרם</UnitOfMeasure>
      <QtyInPackage>0</QtyInPackage>
      <ItemPrice>8.40</ItemPrice>
      <UnitOfMeasurePrice>1.68</UnitOfMeasurePrice>
      <AllowDiscount>1</AllowDiscount>
      <ItemStatus>1</ItemStatus>
    </Item>
    <Item>
      <PriceUpdateDate>2018-01-30 11:39</PriceUpdateDate>
      <ItemCode>7290000525969</ItemCode>
      <ItemType>1</ItemType>
      <ItemName>מיץ תפוזים סחוט 1 ליטר</ItemName>
      <ManufacturerName>גניר</ManufacturerName>
      <ManufactureCountry>IL</ManufactureCountry>
      <ManufacturerItemDescription>מיץ תפוזים סחוט</ManufacturerItemDescription>
      <UnitQty>ליטרים</UnitQty>
      <Quantity>1.00</Quantity>
      <bIsWeighted>0</bIsWeighted>
      <UnitOfMeasure>ליטר</UnitOfMeasure>
      <QtyInPackage>0</QtyInPackage>
      <ItemPrice>16.30</ItemPrice>
      <UnitOfMeasurePrice>16.30</UnitOfMeasurePrice>
      <AllowDiscount>1</AllowDiscount>
      <ItemStatus>1</ItemStatus>
    </Item>
    <Item>
      <PriceUpdateDate>2019-09-10 13:18</PriceUpdateDate>
      <ItemCode>7290000530116</ItemCode>
      <ItemType>1</ItemType>
      <ItemName>נקניק סלמי בשן 470 גרם</ItemName>
      <ManufacturerName>זוגלובק</ManufacturerName>
      <ManufactureCountry>IL</ManufactureCountry>
      <ManufacturerItemDescription>נקניק סלמי בשן</ManufacturerItemDescription>
      <UnitQty>גרמים</UnitQty>
      <Quantity>470.00</Quantity>
      <bIsWeighted>0</bIsWeighted>
      <UnitOfMeasure>100 גרם</UnitOfMeasure>
      <QtyInPackage>0</QtyInPackage>
      <ItemPrice>26.90</ItemPrice>
      <UnitOfMeasurePrice>5.72</UnitOfMeasurePrice>
      <AllowDiscount>1</AllowDiscount>
      <ItemStatus>1</ItemStatus>
    </Item>
    <Item>
      <PriceUpdateDate>2015-09-30 08:10</PriceUpdateDate>
      <ItemCode>7290000530291</ItemCode>
      <ItemType>1</ItemType>
      <ItemName>נקניק מבשר הודו 750גרם</ItemName>
      <ManufacturerName>זוגלובק</ManufacturerName>
      <ManufactureCountry>IL</ManufactureCountry>
      <ManufacturerItemDescription>נקניק מבשר הודו</ManufacturerItemDescription>
      <UnitQty>גרמים</UnitQty>
      <Quantity>750.00</Quantity>
      <bIsWeighted>0</bIsWeighted>
      <UnitOfMeasure>100 גרם</UnitOfMeasure>
      <QtyInPackage>0</QtyInPackage>
      <ItemPrice>21.70</ItemPrice>
      <UnitOfMeasurePrice>2.89</UnitOfMeasurePrice>
      <AllowDiscount>1</AllowDiscount>
      <ItemStatus>1</ItemStatus>
    </Item>
    <Item>
      <PriceUpdateDate>2017-02-13 20:14</PriceUpdateDate>
      <ItemCode>7290000530413</ItemCode>
      <ItemType>1</ItemType>
      <ItemName>המבורגר זהב 400 גרם</ItemName>
      <ManufacturerName>זוגלובק</ManufacturerName>
      <ManufactureCountry>IL</ManufactureCountry>
      <ManufacturerItemDescription>המבורגר זהב</ManufacturerItemDescription>
      <UnitQty>גרמים</UnitQty>
      <Quantity>400.00</Quantity>
      <bIsWeighted>0</bIsWeighted>
      <UnitOfMeasure>100 גרם</UnitOfMeasure>
      <QtyInPackage>0</QtyInPackage>
      <ItemPrice>22.90</ItemPrice>
      <UnitOfMeasurePrice>5.73</UnitOfMeasurePrice>
      <AllowDiscount>1</AllowDiscount>
      <ItemStatus>1</ItemStatus>
    </Item>
    <Item>
      <PriceUpdateDate>2015-09-30 08:11</PriceUpdateDate>
      <ItemCode>7290000530598</ItemCode>
      <ItemType>1</ItemType>
      <ItemName>נקניקיות וינר 500 גרם</ItemName>
      <ManufacturerName>זוגלובק</ManufacturerName>
      <ManufactureCountry>IL</ManufactureCountry>
      <ManufacturerItemDescription>נקניקיות וינר</ManufacturerItemDescription>
      <UnitQty>גרמים</UnitQty>
      <Quantity>500.00</Quantity>
      <bIsWeighted>0</bIsWeighted>
      <UnitOfMeasure>100 גרם</UnitOfMeasure>
      <QtyInPackage>0</QtyInPackage>
      <ItemPrice>18.30</ItemPrice>
      <UnitOfMeasurePrice>3.66</UnitOfMeasurePrice>
      <AllowDiscount>1</AllowDiscount>
      <ItemStatus>1</ItemStatus>
    </Item>
    <Item>
      <PriceUpdateDate>2015-09-30 08:10</PriceUpdateDate>
      <ItemCode>7290000530703</ItemCode>
      <ItemType>1</ItemType>
      <ItemName>פסטרמה חרמון+תה 400+400ג</ItemName>
      <ManufacturerName>זוגלובק</ManufacturerName>
      <ManufactureCountry>IL</ManufactureCountry>
      <ManufacturerItemDescription>מארז חרמון+תה</ManufacturerItemDescription>
      <UnitQty>גרמים</UnitQty>
      <Quantity>800.00</Quantity>
      <bIsWeighted>0</bIsWeighted>
      <UnitOfMeasure>100 גרם</UnitOfMeasure>
      <QtyInPackage>0</QtyInPackage>
      <ItemPrice>34.40</ItemPrice>
      <UnitOfMeasurePrice>4.30</UnitOfMeasurePrice>
      <AllowDiscount>1</AllowDiscount>
      <ItemStatus>1</ItemStatus>
    </Item>
    <Item>
      <PriceUpdateDate>2020-08-04 16:29</PriceUpdateDate>
      <ItemCode>7290000537566</ItemCode>
      <ItemType>1</ItemType>
      <ItemName>נקניקיות עוף 400 גרם</ItemName>
      <ManufacturerName>זוגלובק</ManufacturerName>
      <ManufactureCountry>IL</ManufactureCountry>
      <ManufacturerItemDescription>נקניקיות עוף</ManufacturerItemDescription>
      <UnitQty>גרמים</UnitQty>
      <Quantity>400.00</Quantity>
      <bIsWeighted>0</bIsWeighted>
      <UnitOfMeasure>100 גרם</UnitOfMeasure>
      <QtyInPackage>0</QtyInPackage>
      <ItemPrice>13.90</ItemPrice>
      <UnitOfMeasurePrice>3.48</UnitOfMeasurePrice>
      <AllowDiscount>1</AllowDiscount>
      <ItemStatus>1</ItemStatus>
    </Item>
    <Item>
      <PriceUpdateDate>2015-09-30 08:11</PriceUpdateDate>
      <ItemCode>7290000537603</ItemCode>
      <ItemType>1</ItemType>
      <ItemName>נקניקיות עוף טריות 1 ק"ג</ItemName>
      <ManufacturerName>זוגלובק</ManufacturerName>
      <ManufactureCountry>IL</ManufactureCountry>
      <ManufacturerItemDescription>נקניקיות עוף</ManufacturerItemDescription>
      <UnitQty>קילוגרמים</UnitQty>
      <Quantity>1.00</Quantity>
      <bIsWeighted>0</bIsWeighted>
      <UnitOfMeasure>ק"ג</UnitOfMeasure>
      <QtyInPackage>0</QtyInPackage>
      <ItemPrice>30.90</ItemPrice>
      <UnitOfMeasurePrice>30.90</UnitOfMeasurePrice>
      <AllowDiscount>1</AllowDiscount>
      <ItemStatus>1</ItemStatus>
    </Item>
    <Item>
      <PriceUpdateDate>2017-01-10 07:58</PriceUpdateDate>
      <ItemCode>7290000540931</ItemCode>
      <ItemType>1</ItemType>
      <ItemName>עוגיות האחים 400 גרם</ItemName>
      <ManufacturerName>האחים יצרני חטיפים</ManufacturerName>
      <ManufactureCountry>IL</ManufactureCountry>
      <ManufacturerItemDescription>עוגיות האחים</ManufacturerItemDescription>
      <UnitQty>גרמים</UnitQty>
      <Quantity>400.00</Quantity>
      <bIsWeighted>0</bIsWeighted>
      <UnitOfMeasure>100 גרם</UnitOfMeasure>
      <QtyInPackage>1</QtyInPackage>
      <ItemPrice>12.90</ItemPrice>
      <UnitOfMeasurePrice>3.23</UnitOfMeasurePrice>
      <AllowDiscount>1</AllowDiscount>
      <ItemStatus>1</ItemStatus>
    </Item>
    <Item>
      <PriceUpdateDate>2018-11-09 10:26</PriceUpdateDate>
      <ItemCode>7290000554402</ItemCode>
      <ItemType>1</ItemType>
      <ItemName>מלבי 160 גרם</ItemName>
      <ManufacturerName>מחלבות גד</ManufacturerName>
      <ManufactureCountry>IL</ManufactureCountry>
      <ManufacturerItemDescription>מלבי</ManufacturerItemDescription>
      <UnitQty>גרמים</UnitQty>
      <Quantity>160.00</Quantity>
      <bIsWeighted>0</bIsWeighted>
      <UnitOfMeasure>100 גרם</UnitOfMeasure>
      <QtyInPackage>0</QtyInPackage>
      <ItemPrice>6.00</ItemPrice>
      <UnitOfMeasurePrice>3.75</UnitOfMeasurePrice>
      <AllowDiscount>1</AllowDiscount>
      <ItemStatus>1</ItemStatus>
    </Item>
    <Item>
      <PriceUpdateDate>2018-11-09 10:26</PriceUpdateDate>
      <ItemCode>7290000554532</ItemCode>
      <ItemType>1</ItemType>
      <ItemName>גב.צפתית מעודנת5% 200גרם</ItemName>
      <ManufacturerName>מחלבות גד בע"\מ</ManufacturerName>
      <ManufactureCountry>IL</ManufactureCountry>
      <ManufacturerItemDescription>צפתית מעודנת 5%</ManufacturerItemDescription>
      <UnitQty>גרמים</UnitQty>
      <Quantity>200.00</Quantity>
      <bIsWeighted>0</bIsWeighted>
      <UnitOfMeasure>100 גרם</UnitOfMeasure>
      <QtyInPackage>0</QtyInPackage>
      <ItemPrice>15.90</ItemPrice>
      <UnitOfMeasurePrice>7.95</UnitOfMeasurePrice>
      <AllowDiscount>1</AllowDiscount>
      <ItemStatus>1</ItemStatus>
    </Item>
    <Item>
      <PriceUpdateDate>2018-11-09 10:26</PriceUpdateDate>
      <ItemCode>7290000554624</ItemCode>
      <ItemType>1</ItemType>
      <ItemName>ירח מתוק מעד.חלב+אורז150</ItemName>
      <ManufacturerName>מחלבות גד</ManufacturerName>
      <ManufactureCountry>IL</ManufactureCountry>
      <ManufacturerItemDescription>מעדן חלב ואורז</ManufacturerItemDescription>
      <UnitQty>גרמים</UnitQty>
      <Quantity>150.00</Quantity>
      <bIsWeighted>0</bIsWeighted>
      <UnitOfMeasure>100 גרם</UnitOfMeasure>
      <QtyInPackage>0</QtyInPackage>
      <ItemPrice>6.00</ItemPrice>
      <UnitOfMeasurePrice>4.00</UnitOfMeasurePrice>
      <AllowDiscount>1</AllowDiscount>
      <ItemStatus>1</ItemStatus>
    </Item>
    <Item>
      <PriceUpdateDate>2018-11-09 10:26</PriceUpdateDate>
      <ItemCode>7290000554686</ItemCode>
      <ItemType>1</ItemType>
      <ItemName>לבנה בשמן זית+זעתר5% 250</ItemName>
      <ManufacturerName>מחלבות גד</ManufacturerName>
      <ManufactureCountry>IL</ManufactureCountry>
      <ManufacturerItemDescription>לאבנה בשמן זית5%</ManufacturerItemDescription>
      <UnitQty>גרמים</UnitQty>
      <Quantity>250.00</Quantity>
      <bIsWeighted>0</bIsWeighted>
      <UnitOfMeasure>100 גרם</UnitOfMeasure>
      <QtyInPackage>0</QtyInPackage>
      <ItemPrice>15.50</ItemPrice>
      <UnitOfMeasurePrice>6.20</UnitOfMeasurePrice>
      <AllowDiscount>1</AllowDiscount>
      <ItemStatus>1</ItemStatus>
    </Item>
    <Item>
      <PriceUpdateDate>2018-11-09 10:26</PriceUpdateDate>
      <ItemCode>7290000554822</ItemCode>
      <ItemType>1</ItemType>
      <ItemName>ריקוטה גד 5% שומן 250 גר</ItemName>
      <ManufacturerName>מחלבות גד</ManufacturerName>
      <ManufactureCountry>IL</ManufactureCountry>
      <ManufacturerItemDescription>גבינת ריקוטה 5%</ManufacturerItemDescription>
      <UnitQty>גרמים</UnitQty>
      <Quantity>250.00</Quantity>
      <bIsWeighted>0</bIsWeighted>
      <UnitOfMeasure>100 גרם</UnitOfMeasure>
      <QtyInPackage>0</QtyInPackage>
      <ItemPrice>15.90</ItemPrice>
      <UnitOfMeasurePrice>6.36</UnitOfMeasurePrice>
      <AllowDiscount>1</AllowDiscount>
      <ItemStatus>1</ItemStatus>
    </Item>
    <Item>
      <PriceUpdateDate>2020-06-08 08:31</PriceUpdateDate>
      <ItemCode>7290000554839</ItemCode>
      <ItemType>1</ItemType>
      <ItemName>גבינה מסקרפונה 40% 250 ג</ItemName>
      <ManufacturerName>מחלבות גד</ManufacturerName>
      <ManufactureCountry>IL</ManufactureCountry>
      <ManufacturerItemDescription>גבינה מסקרפונה</ManufacturerItemDescription>
      <UnitQty>גרמים</UnitQty>
      <Quantity>250.00</Quantity>
      <bIsWeighted>0</bIsWeighted>
      <UnitOfMeasure>100 גרם</UnitOfMeasure>
      <QtyInPackage>0</QtyInPackage>
      <ItemPrice>19.90</ItemPrice>
      <UnitOfMeasurePrice>7.96</UnitOfMeasurePrice>
      <AllowDiscount>1</AllowDiscount>
      <ItemStatus>1</ItemStatus>
    </Item>
    <Item>
      <PriceUpdateDate>2020-10-10 18:30</PriceUpdateDate>
      <ItemCode>7290000560540</ItemCode>
      <ItemType>1</ItemType>
      <ItemName>אדג' פרו ג'ל רגיש 198 גר</ItemName>
      <ManufacturerName>אנרג'ייזר</ManufacturerName>
      <ManufactureCountry>US</ManufactureCountry>
      <ManufacturerItemDescription>אדג' ג'ל לגילוח</ManufacturerItemDescription>
      <UnitQty>גרמים</UnitQty>
      <Quantity>198.00</Quantity>
      <bIsWeighted>0</bIsWeighted>
      <UnitOfMeasure>100 גרם</UnitOfMeasure>
      <QtyInPackage>0</QtyInPackage>
      <ItemPrice>12.90</ItemPrice>
      <UnitOfMeasurePrice>6.52</UnitOfMeasurePrice>
      <AllowDiscount>1</AllowDiscount>
      <ItemStatus>1</ItemStatus>
    </Item>
    <Item>
      <PriceUpdateDate>2017-02-13 20:14</PriceUpdateDate>
      <ItemCode>7290000632209</ItemCode>
      <ItemType>1</ItemType>
      <ItemName>חזה עוף קפוא עטרה מחיר ל</ItemName>
      <ManufacturerName>---</ManufacturerName>
      <ManufactureCountry>IL</ManufactureCountry>
      <ManufacturerItemDescription>חזה עוף קפוא</ManufacturerItemDescription>
      <UnitQty>קילוגרמים</UnitQty>
      <Quantity>0.00</Quantity>
      <bIsWeighted>1</bIsWeighted>
      <UnitOfMeasure>ק"ג</UnitOfMeasure>
      <QtyInPackage>0</QtyInPackage>
      <ItemPrice>34.90</ItemPrice>
      <UnitOfMeasurePrice>34.90</UnitOfMeasurePrice>
      <AllowDiscount>1</AllowDiscount>
      <ItemStatus>1</ItemStatus>
    </Item>
    <Item>
      <PriceUpdateDate>2017-02-13 20:14</PriceUpdateDate>
      <ItemCode>7290000632391</ItemCode>
      <ItemType>1</ItemType>
      <ItemName>כרעיים עוף קפוא עטרה מחי</ItemName>
      <ManufacturerName>שונות</ManufacturerName>
      <ManufactureCountry>IL</ManufactureCountry>
      <ManufacturerItemDescription>כרעיים עוף קפוא</ManufacturerItemDescription>
      <UnitQty>קילוגרמים</UnitQty>
      <Quantity>0.00</Quantity>
      <bIsWeighted>1</bIsWeighted>
      <UnitOfMeasure>ק"ג</UnitOfMeasure>
      <QtyInPackage>0</QtyInPackage>
      <ItemPrice>33.90</ItemPrice>
      <UnitOfMeasurePrice>33.90</UnitOfMeasurePrice>
      <AllowDiscount>1</AllowDiscount>
      <ItemStatus>1</ItemStatus>
    </Item>
    <Item>
      <PriceUpdateDate>2017-02-13 20:14</PriceUpdateDate>
      <ItemCode>7290000632698</ItemCode>
      <ItemType>1</ItemType>
      <ItemName>שוקיים עוף קפוא עטרה מחי</ItemName>
      <ManufacturerName>שונות</ManufacturerName>
      <ManufactureCountry>IL</ManufactureCountry>
      <ManufacturerItemDescription>שוקיים עוף קפוא</ManufacturerItemDescription>
      <UnitQty>קילוגרמים</UnitQty>
      <Quantity>0.00</Quantity>
      <bIsWeighted>1</bIsWeighted>
      <UnitOfMeasure>ק"ג</UnitOfMeasure>
      <QtyInPackage>0</QtyInPackage>
      <ItemPrice>36.90</ItemPrice>
      <UnitOfMeasurePrice>36.90</UnitOfMeasurePrice>
      <AllowDiscount>1</AllowDiscount>
      <ItemStatus>1</ItemStatus>
    </Item>
    <Item>
      <PriceUpdateDate>2020-08-11 10:59</PriceUpdateDate>
      <ItemCode>7290000644783</ItemCode>
      <ItemType>1</ItemType>
      <ItemName>מנות פילה סלמון קפוא קג</ItemName>
      <ManufacturerName>תנובה</ManufacturerName>
      <ManufactureCountry>IL</ManufactureCountry>
      <ManufacturerItemDescription>פילה סלמון מנות</ManufacturerItemDescription>
      <UnitQty>קילוגרמים</UnitQty>
      <Quantity>0.00</Quantity>
      <bIsWeighted>1</bIsWeighted>
      <UnitOfMeasure>ק"ג</UnitOfMeasure>
      <QtyInPackage>0</QtyInPackage>
      <ItemPrice>84.90</ItemPrice>
      <UnitOfMeasurePrice>84.90</UnitOfMeasurePrice>
      <AllowDiscount>1</AllowDiscount>
      <ItemStatus>1</ItemStatus>
    </Item>
    <Item>
      <PriceUpdateDate>2020-08-04 16:29</PriceUpdateDate>
      <ItemCode>7290000688114</ItemCode>
      <ItemType>1</ItemType>
      <ItemName>מי-עדן מים מינרלים 1.5 ל</ItemName>
      <ManufacturerName>מי עדן</ManufacturerName>
      <ManufactureCountry>IL</ManufactureCountry>
      <ManufacturerItemDescription>מי עדן 1.5 ליטר</ManufacturerItemDescription>
      <UnitQty>ליטרים</UnitQty>
      <Quantity>1.50</Quantity>
      <bIsWeighted>0</bIsWeighted>
      <UnitOfMeasure>ליטר</UnitOfMeasure>
      <QtyInPackage>0</QtyInPackage>
      <ItemPrice>4.90</ItemPrice>
      <UnitOfMeasurePrice>3.27</UnitOfMeasurePrice>
      <AllowDiscount>1</AllowDiscount>
      <ItemStatus>1</ItemStatus>
    </Item>
    <Item>
      <PriceUpdateDate>2018-02-21 10:09</PriceUpdateDate>
      <ItemCode>7290000688381</ItemCode>
      <ItemType>1</ItemType>
      <ItemName>מים מינרליים מי עדן500*6</ItemName>
      <ManufacturerName>מופק ממעיין סלוקיה ברמת</ManufacturerName>
      <ManufactureCountry>IL</ManufactureCountry>
      <ManufacturerItemDescription>מי עדן אישי 6 בק</ManufacturerItemDescription>
      <UnitQty>ליטרים</UnitQty>
      <Quantity>3.00</Quantity>
      <bIsWeighted>0</bIsWeighted>
      <UnitOfMeasure>ליטר</UnitOfMeasure>
      <QtyInPackage>0</QtyInPackage>
      <ItemPrice>14.90</ItemPrice>
      <UnitOfMeasurePrice>4.97</UnitOfMeasurePrice>
      <AllowDiscount>1</AllowDiscount>
      <ItemStatus>1</ItemStatus>
    </Item>
    <Item>
      <PriceUpdateDate>2017-02-07 07:16</PriceUpdateDate>
      <ItemCode>7290000688732</ItemCode>
      <ItemType>1</ItemType>
      <ItemName>מים מינרליים מי עדן1.5*6</ItemName>
      <ManufacturerName>מופק ממעיין סלוקיה ברמת</ManufacturerName>
      <ManufactureCountry>IL</ManufactureCountry>
      <ManufacturerItemDescription>מי עדן 6 יח</ManufacturerItemDescription>
      <UnitQty>ליטרים</UnitQty>
      <Quantity>9.00</Quantity>
      <bIsWeighted>0</bIsWeighted>
      <UnitOfMeasure>ליטר</UnitOfMeasure>
      <QtyInPackage>0</QtyInPackage>
      <ItemPrice>12.90</ItemPrice>
      <UnitOfMeasurePrice>1.43</UnitOfMeasurePrice>
      <AllowDiscount>1</AllowDiscount>
      <ItemStatus>1</ItemStatus>
    </Item>
    <Item>
      <PriceUpdateDate>2020-08-18 13:54</PriceUpdateDate>
      <ItemCode>7290000928265</ItemCode>
      <ItemType>0</ItemType>
      <ItemName>פילה סלמון קפוא נורווגי</ItemName>
      <ManufacturerName>ויליגר תעשיות בעמ</ManufacturerName>
      <ManufactureCountry>NO</ManufactureCountry>
      <ManufacturerItemDescription>פילה סלמון קפוא</ManufacturerItemDescription>
      <UnitQty>קילוגרמים</UnitQty>
      <Quantity>0.00</Quantity>
      <bIsWeighted>1</bIsWeighted>
      <UnitOfMeasure>ק"ג</UnitOfMeasure>
      <QtyInPackage>0</QtyInPackage>
      <ItemPrice>64.90</ItemPrice>
      <UnitOfMeasurePrice>64.90</UnitOfMeasurePrice>
      <AllowDiscount>1</AllowDiscount>
      <ItemStatus>1</ItemStatus>
    </Item>
    <Item>
      <PriceUpdateDate>2020-07-29 08:36</PriceUpdateDate>
      <ItemCode>7290000961606</ItemCode>
      <ItemType>0</ItemType>
      <ItemName>שורש גינגר</ItemName>
      <ManufacturerName>קטיף.</ManufacturerName>
      <ManufactureCountry>XX</ManufactureCountry>
      <ManufacturerItemDescription>שורש גינגר</ManufacturerItemDescription>
      <UnitQty>קילוגרמים</UnitQty>
      <Quantity>0.00</Quantity>
      <bIsWeighted>1</bIsWeighted>
      <UnitOfMeasure>ק"ג</UnitOfMeasure>
      <QtyInPackage>0</QtyInPackage>
      <ItemPrice>27.90</ItemPrice>
      <UnitOfMeasurePrice>27.90</UnitOfMeasurePrice>
      <AllowDiscount>1</AllowDiscount>
      <ItemStatus>1</ItemStatus>
    </Item>
    <Item>
      <PriceUpdateDate>2020-05-21 08:59</PriceUpdateDate>
      <ItemCode>7290000962474</ItemCode>
      <ItemType>0</ItemType>
      <ItemName>חציל בלדי</ItemName>
      <ManufacturerName>קטיף.</ManufacturerName>
      <ManufactureCountry>IL</ManufactureCountry>
      <ManufacturerItemDescription>חציל בלדי</ManufacturerItemDescription>
      <UnitQty>קילוגרמים</UnitQty>
      <Quantity>0.00</Quantity>
      <bIsWeighted>1</bIsWeighted>
      <UnitOfMeasure>ק"ג</UnitOfMeasure>
      <QtyInPackage>0</QtyInPackage>
      <ItemPrice>9.90</ItemPrice>
      <UnitOfMeasurePrice>9.90</UnitOfMeasurePrice>
      <AllowDiscount>1</AllowDiscount>
      <ItemStatus>1</ItemStatus>
    </Item>
    <Item>
      <PriceUpdateDate>2019-09-16 11:53</PriceUpdateDate>
      <ItemCode>7290000963136</ItemCode>
      <ItemType>0</ItemType>
      <ItemName>תפוח עץ מוזהב 65</ItemName>
      <ManufacturerName>קטיף.</ManufacturerName>
      <ManufactureCountry>XX</ManufactureCountry>
      <ManufacturerItemDescription>תפוח עץ מוזהב</ManufacturerItemDescription>
      <UnitQty>קילוגרמים</UnitQty>
      <Quantity>0.00</Quantity>
      <bIsWeighted>1</bIsWeighted>
      <UnitOfMeasure>ק"ג</UnitOfMeasure>
      <QtyInPackage>0</QtyInPackage>
      <ItemPrice>10.90</ItemPrice>
      <UnitOfMeasurePrice>10.90</UnitOfMeasurePrice>
      <AllowDiscount>1</AllowDiscount>
      <ItemStatus>1</ItemStatus>
    </Item>
    <Item>
      <PriceUpdateDate>2020-08-25 08:47</PriceUpdateDate>
      <ItemCode>7290000963228</ItemCode>
      <ItemType>0</ItemType>
      <ItemName>תפוח עץ יונתן 65</ItemName>
      <ManufacturerName>קטיף.</ManufacturerName>
      <ManufactureCountry>XX</ManufactureCountry>
      <ManufacturerItemDescription>תפוח יונתן</ManufacturerItemDescription>
      <UnitQty>קילוגרמים</UnitQty>
      <Quantity>0.00</Quantity>
      <bIsWeighted>1</bIsWeighted>
      <UnitOfMeasure>ק"ג</UnitOfMeasure>
      <QtyInPackage>0</QtyInPackage>
      <ItemPrice>10.90</ItemPrice>
      <UnitOfMeasurePrice>10.90</UnitOfMeasurePrice>
      <AllowDiscount>1</AllowDiscount>
      <ItemStatus>1</ItemStatus>
    </Item>
    <Item>
      <PriceUpdateDate>2019-08-29 08:59</PriceUpdateDate>
      <ItemCode>7290000963297</ItemCode>
      <ItemType>0</ItemType>
      <ItemName>תפוח עץ סטרקינג 65</ItemName>
      <ManufacturerName>קטיף.</ManufacturerName>
      <ManufactureCountry>XX</ManufactureCountry>
      <ManufacturerItemDescription>תפוח סטרקינג</ManufacturerItemDescription>
      <UnitQty>קילוגרמים</UnitQty>
      <Quantity>0.00</Quantity>
      <bIsWeighted>1</bIsWeighted>
      <UnitOfMeasure>ק"ג</UnitOfMeasure>
      <QtyInPackage>0</QtyInPackage>
      <ItemPrice>10.90</ItemPrice>
      <UnitOfMeasurePrice>10.90</UnitOfMeasurePrice>
      <AllowDiscount>1</AllowDiscount>
      <ItemStatus>1</ItemStatus>
    </Item>
    <Item>
      <PriceUpdateDate>2020-08-11 10:59</PriceUpdateDate>
      <ItemCode>7290000963419</ItemCode>
      <ItemType>0</ItemType>
      <ItemName>תפוח עץ גאלה 65</ItemName>
      <ManufacturerName>קטיף.</ManufacturerName>
      <ManufactureCountry>XX</ManufactureCountry>
      <ManufacturerItemDescription>תפוח עץ גאלה</ManufacturerItemDescription>
      <UnitQty>קילוגרמים</UnitQty>
      <Quantity>0.00</Quantity>
      <bIsWeighted>1</bIsWeighted>
      <UnitOfMeasure>ק"ג</UnitOfMeasure>
      <QtyInPackage>0</QtyInPackage>
      <ItemPrice>10.90</ItemPrice>
      <UnitOfMeasurePrice>10.90</UnitOfMeasurePrice>
      <AllowDiscount>1</AllowDiscount>
      <ItemStatus>1</ItemStatus>
    </Item>
    <Item>
      <PriceUpdateDate>2019-09-10 13:18</PriceUpdateDate>
      <ItemCode>7290000963518</ItemCode>
      <ItemType>0</ItemType>
      <ItemName>תפוח עץ סמיט 70</ItemName>
      <ManufacturerName>קטיף.</ManufacturerName>
      <ManufactureCountry>XX</ManufactureCountry>
      <ManufacturerItemDescription>תפוח עץ סמיט</ManufacturerItemDescription>
      <UnitQty>קילוגרמים</UnitQty>
      <Quantity>0.00</Quantity>
      <bIsWeighted>1</bIsWeighted>
      <UnitOfMeasure>ק"ג</UnitOfMeasure>
      <QtyInPackage>0</QtyInPackage>
      <ItemPrice>10.90</ItemPrice>
      <UnitOfMeasurePrice>10.90</UnitOfMeasurePrice>
      <AllowDiscount>1</AllowDiscount>
      <ItemStatus>1</ItemStatus>
    </Item>
    <Item>
      <PriceUpdateDate>2020-09-25 11:04</PriceUpdateDate>
      <ItemCode>7290000963976</ItemCode>
      <ItemType>0</ItemType>
      <ItemName>נקטרינה 60</ItemName>
      <ManufacturerName>קטיף.</ManufacturerName>
      <ManufactureCountry>IL</ManufactureCountry>
      <ManufacturerItemDescription>נקטרינה</ManufacturerItemDescription>
      <UnitQty>קילוגרמים</UnitQty>
      <Quantity>0.00</Quantity>
      <bIsWeighted>1</bIsWeighted>
      <UnitOfMeasure>ק"ג</UnitOfMeasure>
      <QtyInPackage>0</QtyInPackage>
      <ItemPrice>10.90</ItemPrice>
      <UnitOfMeasurePrice>10.90</UnitOfMeasurePrice>
      <AllowDiscount>1</AllowDiscount>
      <ItemStatus>1</ItemStatus>
    </Item>
    <Item>
      <PriceUpdateDate>2020-09-25 11:04</PriceUpdateDate>
      <ItemCode>7290000964034</ItemCode>
      <ItemType>0</ItemType>
      <ItemName>אפרסק 60</ItemName>
      <ManufacturerName>קטיף.</ManufacturerName>
      <ManufactureCountry>IL</ManufactureCountry>
      <ManufacturerItemDescription>אפרסק</ManufacturerItemDescription>
      <UnitQty>קילוגרמים</UnitQty>
      <Quantity>0.00</Quantity>
      <bIsWeighted>1</bIsWeighted>
      <UnitOfMeasure>ק"ג</UnitOfMeasure>
      <QtyInPackage>0</QtyInPackage>
      <ItemPrice>10.90</ItemPrice>
      <UnitOfMeasurePrice>10.90</UnitOfMeasurePrice>
      <AllowDiscount>1</AllowDiscount>
      <ItemStatus>1</ItemStatus>
    </Item>
    <Item>
      <PriceUpdateDate>2020-09-25 11:04</PriceUpdateDate>
      <ItemCode>7290000964300</ItemCode>
      <ItemType>0</ItemType>
      <ItemName>תפוז</ItemName>
      <ManufacturerName>קטיף.</ManufacturerName>
      <ManufactureCountry>IL</ManufactureCountry>
      <ManufacturerItemDescription>תפוז</ManufacturerItemDescription>
      <UnitQty>קילוגרמים</UnitQty>
      <Quantity>0.00</Quantity>
      <bIsWeighted>1</bIsWeighted>
      <UnitOfMeasure>ק"ג</UnitOfMeasure>
      <QtyInPackage>0</QtyInPackage>
      <ItemPrice>7.90</ItemPrice>
      <UnitOfMeasurePrice>7.90</UnitOfMeasurePrice>
      <AllowDiscount>1</AllowDiscount>
      <ItemStatus>1</ItemStatus>
    </Item>
    <Item>
      <PriceUpdateDate>2020-08-25 08:47</PriceUpdateDate>
      <ItemCode>7290000964492</ItemCode>
      <ItemType>0</ItemType>
      <ItemName>לימון תפזורת</ItemName>
      <ManufacturerName>קטיף.</ManufacturerName>
      <ManufactureCountry>IL</ManufactureCountry>
      <ManufacturerItemDescription>לימון</ManufacturerItemDescription>
      <UnitQty>קילוגרמים</UnitQty>
      <Quantity>0.00</Quantity>
      <bIsWeighted>1</bIsWeighted>
      <UnitOfMeasure>ק"ג</UnitOfMeasure>
      <QtyInPackage>0</QtyInPackage>
      <ItemPrice>9.90</ItemPrice>
      <UnitOfMeasurePrice>9.90</UnitOfMeasurePrice>
      <AllowDiscount>1</AllowDiscount>
      <ItemStatus>1</ItemStatus>
    </Item>
    <Item>
      <PriceUpdateDate>2020-10-06 10:28</PriceUpdateDate>
      <ItemCode>7290000964560</ItemCode>
      <ItemType>0</ItemType>
      <ItemName>קלמנטינה</ItemName>
      <ManufacturerName>קטיף.</ManufacturerName>
      <ManufactureCountry>IL</ManufactureCountry>
      <ManufacturerItemDescription>קלמנטינה</ManufacturerItemDescription>
      <UnitQty>קילוגרמים</UnitQty>
      <Quantity>0.00</Quantity>
      <bIsWeighted>1</bIsWeighted>
      <UnitOfMeasure>ק"ג</UnitOfMeasure>
      <QtyInPackage>0</QtyInPackage>
      <ItemPrice>6.90</ItemPrice>
      <UnitOfMeasurePrice>6.90</UnitOfMeasurePrice>
      <AllowDiscount>1</AllowDiscount>
      <ItemStatus>1</ItemStatus>
    </Item>
    <Item>
      <PriceUpdateDate>2020-10-13 09:32</PriceUpdateDate>
      <ItemCode>7290000964775</ItemCode>
      <ItemType>0</ItemType>
      <ItemName>בננה</ItemName>
      <ManufacturerName>קטיף.</ManufacturerName>
      <ManufactureCountry>IL</ManufactureCountry>
      <ManufacturerItemDescription>בננה</ManufacturerItemDescription>
      <UnitQty>קילוגרמים</UnitQty>
      <Quantity>0.00</Quantity>
      <bIsWeighted>1</bIsWeighted>
      <UnitOfMeasure>ק"ג</UnitOfMeasure>
      <QtyInPackage>0</QtyInPackage>
      <ItemPrice>8.90</ItemPrice>
      <UnitOfMeasurePrice>8.90</UnitOfMeasurePrice>
      <AllowDiscount>1</AllowDiscount>
      <ItemStatus>1</ItemStatus>
    </Item>
    <Item>
      <PriceUpdateDate>2020-08-11 10:59</PriceUpdateDate>
      <ItemCode>7290000964829</ItemCode>
      <ItemType>0</ItemType>
      <ItemName>אגס ספדונה 55</ItemName>
      <ManufacturerName>קטיף.</ManufacturerName>
      <ManufactureCountry>IL</ManufactureCountry>
      <ManufacturerItemDescription>אגס ספדונה</ManufacturerItemDescription>
      <UnitQty>קילוגרמים</UnitQty>
      <Quantity>0.00</Quantity>
      <bIsWeighted>1</bIsWeighted>
      <UnitOfMeasure>ק"ג</UnitOfMeasure>
      <QtyInPackage>0</QtyInPackage>
      <ItemPrice>11.90</ItemPrice>
      <UnitOfMeasurePrice>11.90</UnitOfMeasurePrice>
      <AllowDiscount>1</AllowDiscount>
      <ItemStatus>1</ItemStatus>
    </Item>
    <Item>
      <PriceUpdateDate>2020-10-13 09:32</PriceUpdateDate>
      <ItemCode>7290000964966</ItemCode>
      <ItemType>0</ItemType>
      <ItemName>אבוקדו ברשת</ItemName>
      <ManufacturerName>קטיף.</ManufacturerName>
      <ManufactureCountry>IL</ManufactureCountry>
      <ManufacturerItemDescription>אבוקדו</ManufacturerItemDescription>
      <UnitQty>קילוגרמים</UnitQty>
      <Quantity>0.00</Quantity>
      <bIsWeighted>1</bIsWeighted>
      <UnitOfMeasure>ק"ג</UnitOfMeasure>
      <QtyInPackage>0</QtyInPackage>
      <ItemPrice>12.90</ItemPrice>
      <UnitOfMeasurePrice>12.90</UnitOfMeasurePrice>
      <AllowDiscount>1</AllowDiscount>
      <ItemStatus>1</ItemStatus>
    </Item>
    <Item>
      <PriceUpdateDate>2020-10-13 09:32</PriceUpdateDate>
      <ItemCode>7290000964980</ItemCode>
      <ItemType>0</ItemType>
      <ItemName>אבוקדו</ItemName>
      <ManufacturerName>קטיף.</ManufacturerName>
      <ManufactureCountry>IL</ManufactureCountry>
      <ManufacturerItemDescription>אבוקדו</ManufacturerItemDescription>
      <UnitQty>קילוגרמים</UnitQty>
      <Quantity>0.00</Quantity>
      <bIsWeighted>1</bIsWeighted>
      <UnitOfMeasure>ק"ג</UnitOfMeasure>
      <QtyInPackage>0</QtyInPackage>
      <ItemPrice>15.90</ItemPrice>
      <UnitOfMeasurePrice>15.90</UnitOfMeasurePrice>
      <AllowDiscount>1</AllowDiscount>
      <ItemStatus>1</ItemStatus>
    </Item>
    <Item>
      <PriceUpdateDate>2020-10-06 10:28</PriceUpdateDate>
      <ItemCode>7290000965055</ItemCode>
      <ItemType>0</ItemType>
      <ItemName>מלון מובחר</ItemName>
      <ManufacturerName>קטיף.</ManufacturerName>
      <ManufactureCountry>IL</ManufactureCountry>
      <ManufacturerItemDescription>מלון מובחר</ManufacturerItemDescription>
      <UnitQty>קילוגרמים</UnitQty>
      <Quantity>0.00</Quantity>
      <bIsWeighted>1</bIsWeighted>
      <UnitOfMeasure>ק"ג</UnitOfMeasure>
      <QtyInPackage>0</QtyInPackage>
      <ItemPrice>5.90</ItemPrice>
      <UnitOfMeasurePrice>5.90</UnitOfMeasurePrice>
      <AllowDiscount>1</AllowDiscount>
      <ItemStatus>1</ItemStatus>
    </Item>
    <Item>
      <PriceUpdateDate>2020-10-06 10:28</PriceUpdateDate>
      <ItemCode>7290000965079</ItemCode>
      <ItemType>0</ItemType>
      <ItemName>מלון כתום</ItemName>
      <ManufacturerName>כללי</ManufacturerName>
      <ManufactureCountry>IL</ManufactureCountry>
      <ManufacturerItemDescription>מלון כתום</ManufacturerItemDescription>
      <UnitQty>קילוגרמים</UnitQty>
      <Quantity>0.00</Quantity>
      <bIsWeighted>1</bIsWeighted>
      <UnitOfMeasure>ק"ג</UnitOfMeasure>
      <QtyInPackage>0</QtyInPackage>
      <ItemPrice>5.90</ItemPrice>
      <UnitOfMeasurePrice>5.90</UnitOfMeasurePrice>
      <AllowDiscount>1</AllowDiscount>
      <ItemStatus>1</ItemStatus>
    </Item>
    <Item>
      <PriceUpdateDate>2020-09-25 11:04</PriceUpdateDate>
      <ItemCode>7290000966434</ItemCode>
      <ItemType>0</ItemType>
      <ItemName>מנגו</ItemName>
      <ManufacturerName>קטיף.</ManufacturerName>
      <ManufactureCountry>IL</ManufactureCountry>
      <ManufacturerItemDescription>מנגו</ManufacturerItemDescription>
      <UnitQty>קילוגרמים</UnitQty>
      <Quantity>0.00</Quantity>
      <bIsWeighted>1</bIsWeighted>
      <UnitOfMeasure>ק"ג</UnitOfMeasure>
      <QtyInPackage>0</QtyInPackage>
      <ItemPrice>13.90</ItemPrice>
      <UnitOfMeasurePrice>13.90</UnitOfMeasurePrice>
      <AllowDiscount>1</AllowDiscount>
      <ItemStatus>1</ItemStatus>
    </Item>
    <Item>
      <PriceUpdateDate>2019-09-16 11:53</PriceUpdateDate>
      <ItemCode>7290000966588</ItemCode>
      <ItemType>0</ItemType>
      <ItemName>חבוש גדול</ItemName>
      <ManufacturerName>קטיף.</ManufacturerName>
      <ManufactureCountry>IL</ManufactureCountry>
      <ManufacturerItemDescription>חבושים גדול</ManufacturerItemDescription>
      <UnitQty>קילוגרמים</UnitQty>
      <Quantity>0.00</Quantity>
      <bIsWeighted>1</bIsWeighted>
      <UnitOfMeasure>ק"ג</UnitOfMeasure>
      <QtyInPackage>0</QtyInPackage>
      <ItemPrice>12.90</ItemPrice>
      <UnitOfMeasurePrice>12.90</UnitOfMeasurePrice>
      <AllowDiscount>1</AllowDiscount>
      <ItemStatus>1</ItemStatus>
    </Item>
    <Item>
      <PriceUpdateDate>2019-12-31 12:23</PriceUpdateDate>
      <ItemCode>7290000979700</ItemCode>
      <ItemType>0</ItemType>
      <ItemName>חסה לבבות יחידה</ItemName>
      <ManufacturerName>קטיף.</ManufacturerName>
      <ManufactureCountry>IL</ManufactureCountry>
      <ManufacturerItemDescription>חסה לבבות</ManufacturerItemDescription>
      <UnitQty>יחידה</UnitQty>
      <Quantity>1.00</Quantity>
      <bIsWeighted>0</bIsWeighted>
      <UnitOfMeasure>יחידה</UnitOfMeasure>
      <QtyInPackage>0</QtyInPackage>
      <ItemPrice>9.90</ItemPrice>
      <UnitOfMeasurePrice>9.90</UnitOfMeasurePrice>
      <AllowDiscount>1</AllowDiscount>
      <ItemStatus>1</ItemStatus>
    </Item>
    <Item>
      <PriceUpdateDate>2020-09-25 11:04</PriceUpdateDate>
      <ItemCode>7290000982113</ItemCode>
      <ItemType>0</ItemType>
      <ItemName>עגבניה טעם</ItemName>
      <ManufacturerName>קטיף.</ManufacturerName>
      <ManufactureCountry>IL</ManufactureCountry>
      <ManufacturerItemDescription>עגבניה טעם</ManufacturerItemDescription>
      <UnitQty>גרמים</UnitQty>
      <Quantity>460.00</Quantity>
      <bIsWeighted>0</bIsWeighted>
      <UnitOfMeasure>100 גרם</UnitOfMeasure>
      <QtyInPackage>1</QtyInPackage>
      <ItemPrice>10.90</ItemPrice>
      <UnitOfMeasurePrice>2.37</UnitOfMeasurePrice>
      <AllowDiscount>1</AllowDiscount>
      <ItemStatus>1</ItemStatus>
    </Item>
    <Item>
      <PriceUpdateDate>2017-02-08 08:33</PriceUpdateDate>
      <ItemCode>7290000986906</ItemCode>
      <ItemType>0</ItemType>
      <ItemName>חסה עגולה ארוזה</ItemName>
      <ManufacturerName>קטיף.</ManufacturerName>
      <ManufactureCountry>IL</ManufactureCountry>
      <ManufacturerItemDescription>חסה עגולה</ManufacturerItemDescription>
      <UnitQty>יחידה</UnitQty>
      <Quantity>1.00</Quantity>
      <bIsWeighted>0</bIsWeighted>
      <UnitOfMeasure>יחידה</UnitOfMeasure>
      <QtyInPackage>0</QtyInPackage>
      <ItemPrice>7.90</ItemPrice>
      <UnitOfMeasurePrice>7.90</UnitOfMeasurePrice>
      <AllowDiscount>1</AllowDiscount>
      <ItemStatus>1</ItemStatus>
    </Item>
    <Item>
      <PriceUpdateDate>2020-09-01 08:12</PriceUpdateDate>
      <ItemCode>7290000992839</ItemCode>
      <ItemType>0</ItemType>
      <ItemName>מלון גולדן סוויט-צהוב</ItemName>
      <ManufacturerName>קטיף.</ManufacturerName>
      <ManufactureCountry>IL</ManufactureCountry>
      <ManufacturerItemDescription>מלון גולדן סוויט</ManufacturerItemDescription>
      <UnitQty>קילוגרמים</UnitQty>
      <Quantity>0.00</Quantity>
      <bIsWeighted>1</bIsWeighted>
      <UnitOfMeasure>ק"ג</UnitOfMeasure>
      <QtyInPackage>0</QtyInPackage>
      <ItemPrice>6.90</ItemPrice>
      <UnitOfMeasurePrice>6.90</UnitOfMeasurePrice>
      <AllowDiscount>1</AllowDiscount>
      <ItemStatus>1</ItemStatus>
    </Item>
    <Item>
      <PriceUpdateDate>2019-09-10 13:18</PriceUpdateDate>
      <ItemCode>7290000995731</ItemCode>
      <ItemType>0</ItemType>
      <ItemName>ענבים קרימסון ארוז</ItemName>
      <ManufacturerName>קטיף.</ManufacturerName>
      <ManufactureCountry>IL</ManufactureCountry>
      <ManufacturerItemDescription>ענבים קרימסון</ManufacturerItemDescription>
      <UnitQty>קילוגרמים</UnitQty>
      <Quantity>0.00</Quantity>
      <bIsWeighted>1</bIsWeighted>
      <UnitOfMeasure>ק"ג</UnitOfMeasure>
      <QtyInPackage>0</QtyInPackage>
      <ItemPrice>15.90</ItemPrice>
      <UnitOfMeasurePrice>15.90</UnitOfMeasurePrice>
      <AllowDiscount>1</AllowDiscount>
      <ItemStatus>1</ItemStatus>
    </Item>
    <Item>
      <PriceUpdateDate>2018-01-30 11:39</PriceUpdateDate>
      <ItemCode>7290001045169</ItemCode>
      <ItemType>1</ItemType>
      <ItemName>מיץ תפוחים צלול בק1.ליטר</ItemName>
      <ManufacturerName>גניר</ManufacturerName>
      <ManufactureCountry>IL</ManufactureCountry>
      <ManufacturerItemDescription>מיץ תפוחים צלול</ManufacturerItemDescription>
      <UnitQty>ליטרים</UnitQty>
      <Quantity>1.00</Quantity>
      <bIsWeighted>0</bIsWeighted>
      <UnitOfMeasure>ליטר</UnitOfMeasure>
      <QtyInPackage>0</QtyInPackage>
      <ItemPrice>16.30</ItemPrice>
      <UnitOfMeasurePrice>16.30</UnitOfMeasurePrice>
      <AllowDiscount>1</AllowDiscount>
      <ItemStatus>1</ItemStatus>
    </Item>
    <Item>
      <PriceUpdateDate>2018-01-02 16:14</PriceUpdateDate>
      <ItemCode>7290001045220</ItemCode>
      <ItemType>1</ItemType>
      <ItemName>מיץ תפוזים סחוט 2 ליטר</ItemName>
      <ManufacturerName>גניר</ManufacturerName>
      <ManufactureCountry>IL</ManufactureCountry>
      <ManufacturerItemDescription>מיץ תפוזים סחוט</ManufacturerItemDescription>
      <UnitQty>ליטרים</UnitQty>
      <Quantity>2.00</Quantity>
      <bIsWeighted>0</bIsWeighted>
      <UnitOfMeasure>ליטר</UnitOfMeasure>
      <QtyInPackage>0</QtyInPackage>
      <ItemPrice>25.90</ItemPrice>
      <UnitOfMeasurePrice>12.95</UnitOfMeasurePrice>
      <AllowDiscount>1</AllowDiscount>
      <ItemStatus>1</ItemStatus>
    </Item>
    <Item>
      <PriceUpdateDate>2016-07-22 07:07</PriceUpdateDate>
      <ItemCode>7290001045633</ItemCode>
      <ItemType>1</ItemType>
      <ItemName>משקה לימונענע 400 מ"ל</ItemName>
      <ManufacturerName>גניר</ManufacturerName>
      <ManufactureCountry>IL</ManufactureCountry>
      <ManufacturerItemDescription>משקה לימונענע</ManufacturerItemDescription>
      <UnitQty>מיליליטרים</UnitQty>
      <Quantity>400.00</Quantity>
      <bIsWeighted>0</bIsWeighted>
      <UnitOfMeasure>100 מ"ל</UnitOfMeasure>
      <QtyInPackage>1</QtyInPackage>
      <ItemPrice>9.90</ItemPrice>
      <UnitOfMeasurePrice>2.48</UnitOfMeasurePrice>
      <AllowDiscount>1</AllowDiscount>
      <ItemStatus>1</ItemStatus>
    </Item>
    <Item>
      <PriceUpdateDate>2016-07-22 07:07</PriceUpdateDate>
      <ItemCode>7290001045657</ItemCode>
      <ItemType>1</ItemType>
      <ItemName>'מיץ תפוחים צלול 400 מ"ל</ItemName>
      <ManufacturerName>גניר</ManufacturerName>
      <ManufactureCountry>IL</ManufactureCountry>
      <ManufacturerItemDescription>'מיץ תפוחים צלול</ManufacturerItemDescription>
      <UnitQty>מיליליטרים</UnitQty>
      <Quantity>400.00</Quantity>
      <bIsWeighted>0</bIsWeighted>
      <UnitOfMeasure>100 מ"ל</UnitOfMeasure>
      <QtyInPackage>1</QtyInPackage>
      <ItemPrice>9.90</ItemPrice>
      <UnitOfMeasurePrice>2.48</UnitOfMeasurePrice>
      <AllowDiscount>1</AllowDiscount>
      <ItemStatus>1</ItemStatus>
    </Item>
    <Item>
      <PriceUpdateDate>2016-05-02 08:04</PriceUpdateDate>
      <ItemCode>7290001123775</ItemCode>
      <ItemType>1</ItemType>
      <ItemName>שווארמה פרגיות מוכן 500</ItemName>
      <ManufacturerName>טיבון ויל - נטו</ManufacturerName>
      <ManufactureCountry>IL</ManufactureCountry>
      <ManufacturerItemDescription>שווארמה פרגית</ManufacturerItemDescription>
      <UnitQty>גרמים</UnitQty>
      <Quantity>500.00</Quantity>
      <bIsWeighted>0</bIsWeighted>
      <UnitOfMeasure>100 גרם</UnitOfMeasure>
      <QtyInPackage>0</QtyInPackage>
      <ItemPrice>25.90</ItemPrice>
      <UnitOfMeasurePrice>5.18</UnitOfMeasurePrice>
      <AllowDiscount>1</AllowDiscount>
      <ItemStatus>1</ItemStatus>
    </Item>
    <Item>
      <PriceUpdateDate>2017-02-08 08:34</PriceUpdateDate>
      <ItemCode>7290001136287</ItemCode>
      <ItemType>1</ItemType>
      <ItemName>שמפו נקה 7 רגיל 750 מ"ל</ItemName>
      <ManufacturerName>אמיליה קוסמטיקס</ManufacturerName>
      <ManufactureCountry>IL</ManufactureCountry>
      <ManufacturerItemDescription>שמפו נקה 7</ManufacturerItemDescription>
      <UnitQty>מיליליטרים</UnitQty>
      <Quantity>750.00</Quantity>
      <bIsWeighted>0</bIsWeighted>
      <UnitOfMeasure>100 מ"ל</UnitOfMeasure>
      <QtyInPackage>0</QtyInPackage>
      <ItemPrice>12.50</ItemPrice>
      <UnitOfMeasurePrice>1.67</UnitOfMeasurePrice>
      <AllowDiscount>1</AllowDiscount>
      <ItemStatus>1</ItemStatus>
    </Item>
    <Item>
      <PriceUpdateDate>2019-12-31 12:23</PriceUpdateDate>
      <ItemCode>7290001230234</ItemCode>
      <ItemType>1</ItemType>
      <ItemName>כאמל צהוב סופט חפ</ItemName>
      <ManufacturerName>jti</ManufacturerName>
      <ManufactureCountry>CH</ManufactureCountry>
      <ManufacturerItemDescription>כאמל סופט יח'</ManufacturerItemDescription>
      <UnitQty>יחידה</UnitQty>
      <Quantity>1.00</Quantity>
      <bIsWeighted>0</bIsWeighted>
      <UnitOfMeasure>יחידה</UnitOfMeasure>
      <QtyInPackage>0</QtyInPackage>
      <ItemPrice>31.00</ItemPrice>
      <UnitOfMeasurePrice>31.00</UnitOfMeasurePrice>
      <AllowDiscount>0</AllowDiscount>
      <ItemStatus>1</ItemStatus>
    </Item>
    <Item>
      <PriceUpdateDate>2019-12-31 12:23</PriceUpdateDate>
      <ItemCode>7290001230331</ItemCode>
      <ItemType>1</ItemType>
      <ItemName>כאמל צהוב בוקס חפ</ItemName>
      <ManufacturerName>jti</ManufacturerName>
      <ManufactureCountry>CH</ManufactureCountry>
      <ManufacturerItemDescription>כאמל צהוב בוקס</ManufacturerItemDescription>
      <UnitQty>יחידה</UnitQty>
      <Quantity>1.00</Quantity>
      <bIsWeighted>0</bIsWeighted>
      <UnitOfMeasure>יחידה</UnitOfMeasure>
      <QtyInPackage>0</QtyInPackage>
      <ItemPrice>31.00</ItemPrice>
      <UnitOfMeasurePrice>31.00</UnitOfMeasurePrice>
      <AllowDiscount>0</AllowDiscount>
      <ItemStatus>1</ItemStatus>
    </Item>
    <Item>
      <PriceUpdateDate>2019-12-31 12:23</PriceUpdateDate>
      <ItemCode>7290001230739</ItemCode>
      <ItemType>1</ItemType>
      <ItemName>כאמל כחול חפ</ItemName>
      <ManufacturerName>jti</ManufacturerName>
      <ManufactureCountry>CH</ManufactureCountry>
      <ManufacturerItemDescription>כאמל כחול</ManufacturerItemDescription>
      <UnitQty>יחידה</UnitQty>
      <Quantity>1.00</Quantity>
      <bIsWeighted>0</bIsWeighted>
      <UnitOfMeasure>יחידה</UnitOfMeasure>
      <QtyInPackage>0</QtyInPackage>
      <ItemPrice>31.00</ItemPrice>
      <UnitOfMeasurePrice>31.00</UnitOfMeasurePrice>
      <AllowDiscount>0</AllowDiscount>
      <ItemStatus>1</ItemStatus>
    </Item>
    <Item>
      <PriceUpdateDate>2016-05-10 07:05</PriceUpdateDate>
      <ItemCode>7290001231233</ItemCode>
      <ItemType>1</ItemType>
      <ItemName>וינסטון אדום חפ</ItemName>
      <ManufacturerName>jti</ManufacturerName>
      <ManufactureCountry>CH</ManufactureCountry>
      <ManufacturerItemDescription>ווינסטון בוקס</ManufacturerItemDescription>
      <UnitQty>יחידה</UnitQty>
      <Quantity>1.00</Quantity>
      <bIsWeighted>0</bIsWeighted>
      <UnitOfMeasure>יחידה</UnitOfMeasure>
      <QtyInPackage>0</QtyInPackage>
      <ItemPrice>31.00</ItemPrice>
      <UnitOfMeasurePrice>31.00</UnitOfMeasurePrice>
      <AllowDiscount>0</AllowDiscount>
      <ItemStatus>1</ItemStatus>
    </Item>
    <Item>
      <PriceUpdateDate>2016-05-10 07:05</PriceUpdateDate>
      <ItemCode>7290001231932</ItemCode>
      <ItemType>1</ItemType>
      <ItemName>וינסטון כחול בוקס חפ</ItemName>
      <ManufacturerName>jti</ManufacturerName>
      <ManufactureCountry>CH</ManufactureCountry>
      <ManufacturerItemDescription>וינסטון כחול קצר</ManufacturerItemDescription>
      <UnitQty>יחידה</UnitQty>
      <Quantity>1.00</Quantity>
      <bIsWeighted>0</bIsWeighted>
      <UnitOfMeasure>יחידה</UnitOfMeasure>
      <QtyInPackage>0</QtyInPackage>
      <ItemPrice>31.00</ItemPrice>
      <UnitOfMeasurePrice>31.00</UnitOfMeasurePrice>
      <AllowDiscount>0</AllowDiscount>
      <ItemStatus>1</ItemStatus>
    </Item>
    <Item>
      <PriceUpdateDate>2016-05-10 07:05</PriceUpdateDate>
      <ItemCode>7290001235938</ItemCode>
      <ItemType>1</ItemType>
      <ItemName>וינסטון כחול ארוך חפ</ItemName>
      <ManufacturerName>jti</ManufacturerName>
      <ManufactureCountry>CH</ManufactureCountry>
      <ManufacturerItemDescription>וינסטון כחול ארו</ManufacturerItemDescription>
      <UnitQty>יחידה</UnitQty>
      <Quantity>1.00</Quantity>
      <bIsWeighted>0</bIsWeighted>
      <UnitOfMeasure>יחידה</UnitOfMeasure>
      <QtyInPackage>0</QtyInPackage>
      <ItemPrice>31.00</ItemPrice>
      <UnitOfMeasurePrice>31.00</UnitOfMeasurePrice>
      <AllowDiscount>0</AllowDiscount>
      <ItemStatus>1</ItemStatus>
    </Item>
    <Item>
      <PriceUpdateDate>2018-12-16 12:57</PriceUpdateDate>
      <ItemCode>7290001247082</ItemCode>
      <ItemType>1</ItemType>
      <ItemName>נקטר עגבניות ספרינג 1 ל'</ItemName>
      <ManufacturerName>יפאורה תבורי בע"\מ</ManufacturerName>
      <ManufactureCountry>IL</ManufactureCountry>
      <ManufacturerItemDescription>נקטר עגבניות</ManufacturerItemDescription>
      <UnitQty>ליטרים</UnitQty>
      <Quantity>1.00</Quantity>
      <bIsWeighted>0</bIsWeighted>
      <UnitOfMeasure>ליטר</UnitOfMeasure>
      <QtyInPackage>0</QtyInPackage>
      <ItemPrice>6.20</ItemPrice>
      <UnitOfMeasurePrice>6.20</UnitOfMeasurePrice>
      <AllowDiscount>1</AllowDiscount>
      <ItemStatus>1</ItemStatus>
    </Item>
    <Item>
      <PriceUpdateDate>2018-12-16 12:57</PriceUpdateDate>
      <ItemCode>7290001247105</ItemCode>
      <ItemType>1</ItemType>
      <ItemName>נקטר ספרינג אפרסק 1 ליטר</ItemName>
      <ManufacturerName>יפאורה תבורי בע"\מ</ManufacturerName>
      <ManufactureCountry>IL</ManufactureCountry>
      <ManufacturerItemDescription>נקטר אפרסק</ManufacturerItemDescription>
      <UnitQty>ליטרים</UnitQty>
      <Quantity>1.00</Quantity>
      <bIsWeighted>0</bIsWeighted>
      <UnitOfMeasure>ליטר</UnitOfMeasure>
      <QtyInPackage>0</QtyInPackage>
      <ItemPrice>6.20</ItemPrice>
      <UnitOfMeasurePrice>6.20</UnitOfMeasurePrice>
      <AllowDiscount>1</AllowDiscount>
      <ItemStatus>1</ItemStatus>
    </Item>
    <Item>
      <PriceUpdateDate>2018-12-16 12:57</PriceUpdateDate>
      <ItemCode>7290001247129</ItemCode>
      <ItemType>1</ItemType>
      <ItemName>נקטר ספרינג תפוזים 1ליטר</ItemName>
      <ManufacturerName>יפאורה תבורי בע"\מ</ManufacturerName>
      <ManufactureCountry>IL</ManufactureCountry>
      <ManufacturerItemDescription>נקטר ספרינג תפוז</ManufacturerItemDescription>
      <UnitQty>ליטרים</UnitQty>
      <Quantity>1.00</Quantity>
      <bIsWeighted>0</bIsWeighted>
      <UnitOfMeasure>ליטר</UnitOfMeasure>
      <QtyInPackage>0</QtyInPackage>
      <ItemPrice>6.20</ItemPrice>
      <UnitOfMeasurePrice>6.20</UnitOfMeasurePrice>
      <AllowDiscount>1</AllowDiscount>
      <ItemStatus>1</ItemStatus>
    </Item>
    <Item>
      <PriceUpdateDate>2018-12-16 12:57</PriceUpdateDate>
      <ItemCode>7290001247143</ItemCode>
      <ItemType>1</ItemType>
      <ItemName>נקטר ספרינג תפוחים 1ליטר</ItemName>
      <ManufacturerName>יפאורה תבורי בע"\מ</ManufacturerName>
      <ManufactureCountry>IL</ManufactureCountry>
      <ManufacturerItemDescription>נקטר ספרינג תפוח</ManufacturerItemDescription>
      <UnitQty>ליטרים</UnitQty>
      <Quantity>1.00</Quantity>
      <bIsWeighted>0</bIsWeighted>
      <UnitOfMeasure>ליטר</UnitOfMeasure>
      <QtyInPackage>0</QtyInPackage>
      <ItemPrice>6.20</ItemPrice>
      <UnitOfMeasurePrice>6.20</UnitOfMeasurePrice>
      <AllowDiscount>1</AllowDiscount>
      <ItemStatus>1</ItemStatus>
    </Item>
    <Item>
      <PriceUpdateDate>2019-08-13 08:20</PriceUpdateDate>
      <ItemCode>7290001247952</ItemCode>
      <ItemType>1</ItemType>
      <ItemName>תפוזינה משק"ל ענבים1.5ל</ItemName>
      <ManufacturerName>יפאורה תבורי בע"\מ</ManufacturerName>
      <ManufactureCountry>IL</ManufactureCountry>
      <ManufacturerItemDescription>תפוזינה ענבים</ManufacturerItemDescription>
      <UnitQty>ליטרים</UnitQty>
      <Quantity>1.50</Quantity>
      <bIsWeighted>0</bIsWeighted>
      <UnitOfMeasure>ליטר</UnitOfMeasure>
      <QtyInPackage>0</QtyInPackage>
      <ItemPrice>6.90</ItemPrice>
      <UnitOfMeasurePrice>4.60</UnitOfMeasurePrice>
      <AllowDiscount>1</AllowDiscount>
      <ItemStatus>1</ItemStatus>
    </Item>
    <Item>
      <PriceUpdateDate>2020-08-04 16:29</PriceUpdateDate>
      <ItemCode>7290001305058</ItemCode>
      <ItemType>1</ItemType>
      <ItemName>סב.נוז.פלמול.חלב דבש500מ</ItemName>
      <ManufacturerName>קולגייט פלמוליב</ManufacturerName>
      <ManufactureCountry>TR</ManufactureCountry>
      <ManufacturerItemDescription>סב.נוזלי פלמוליב</ManufacturerItemDescription>
      <UnitQty>מיליליטרים</UnitQty>
      <Quantity>500.00</Quantity>
      <bIsWeighted>0</bIsWeighted>
      <UnitOfMeasure>100 מ"ל</UnitOfMeasure>
      <QtyInPackage>0</QtyInPackage>
      <ItemPrice>17.90</ItemPrice>
      <UnitOfMeasurePrice>3.58</UnitOfMeasurePrice>
      <AllowDiscount>1</AllowDiscount>
      <ItemStatus>1</ItemStatus>
    </Item>
    <Item>
      <PriceUpdateDate>2013-11-21 06:37</PriceUpdateDate>
      <ItemCode>7290001312995</ItemCode>
      <ItemType>1</ItemType>
      <ItemName>בגט 280 גרם</ItemName>
      <ManufacturerName>גידרון</ManufacturerName>
      <ManufactureCountry>IL</ManufactureCountry>
      <ManufacturerItemDescription>באגט</ManufacturerItemDescription>
      <UnitQty>יחידה</UnitQty>
      <Quantity>1.00</Quantity>
      <bIsWeighted>0</bIsWeighted>
      <UnitOfMeasure>יחידה</UnitOfMeasure>
      <QtyInPackage>0</QtyInPackage>
      <ItemPrice>4.90</ItemPrice>
      <UnitOfMeasurePrice>4.90</UnitOfMeasurePrice>
      <AllowDiscount>1</AllowDiscount>
      <ItemStatus>1</ItemStatus>
    </Item>
    <Item>
      <PriceUpdateDate>2017-02-06 13:17</PriceUpdateDate>
      <ItemCode>7290001327180</ItemCode>
      <ItemType>1</ItemType>
      <ItemName>קרמיסימו וניל צ'יפ 1.33ל</ItemName>
      <ManufacturerName>גלידת שטראוס בע"\מ</ManufacturerName>
      <ManufactureCountry>IL</ManufactureCountry>
      <ManufacturerItemDescription>גלידה קרמיסימו</ManufacturerItemDescription>
      <UnitQty>ליטרים</UnitQty>
      <Quantity>1.33</Quantity>
      <bIsWeighted>0</bIsWeighted>
      <UnitOfMeasure>ליטר</UnitOfMeasure>
      <QtyInPackage>0</QtyInPackage>
      <ItemPrice>21.90</ItemPrice>
      <UnitOfMeasurePrice>16.47</UnitOfMeasurePrice>
      <AllowDiscount>1</AllowDiscount>
      <ItemStatus>1</ItemStatus>
    </Item>
    <Item>
      <PriceUpdateDate>2017-02-06 13:17</PriceUpdateDate>
      <ItemCode>7290001327197</ItemCode>
      <ItemType>1</ItemType>
      <ItemName>קרמיסימו שוקו וניל 1.33ל</ItemName>
      <ManufacturerName>גלידת שטראוס בע"\מ, רח'\</ManufacturerName>
      <ManufactureCountry>IL</ManufactureCountry>
      <ManufacturerItemDescription>גל קרמיסימו</ManufacturerItemDescription>
      <UnitQty>ליטרים</UnitQty>
      <Quantity>1.33</Quantity>
      <bIsWeighted>0</bIsWeighted>
      <UnitOfMeasure>ליטר</UnitOfMeasure>
      <QtyInPackage>0</QtyInPackage>
      <ItemPrice>21.90</ItemPrice>
      <UnitOfMeasurePrice>16.47</UnitOfMeasurePrice>
      <AllowDiscount>1</AllowDiscount>
      <ItemStatus>1</ItemStatus>
    </Item>
    <Item>
      <PriceUpdateDate>2017-02-06 13:17</PriceUpdateDate>
      <ItemCode>7290001327791</ItemCode>
      <ItemType>1</ItemType>
      <ItemName>גל.קרמיסימו עוגיות 1.33ל</ItemName>
      <ManufacturerName>גלידת שטראוס בע"\מ</ManufacturerName>
      <ManufactureCountry>IL</ManufactureCountry>
      <ManufacturerItemDescription>גלידה קרמיסימו</ManufacturerItemDescription>
      <UnitQty>ליטרים</UnitQty>
      <Quantity>1.33</Quantity>
      <bIsWeighted>0</bIsWeighted>
      <UnitOfMeasure>ליטר</UnitOfMeasure>
      <QtyInPackage>0</QtyInPackage>
      <ItemPrice>21.90</ItemPrice>
      <UnitOfMeasurePrice>16.47</UnitOfMeasurePrice>
      <AllowDiscount>1</AllowDiscount>
      <ItemStatus>1</ItemStatus>
    </Item>
    <Item>
      <PriceUpdateDate>2020-06-23 09:24</PriceUpdateDate>
      <ItemCode>7290001407769</ItemCode>
      <ItemType>1</ItemType>
      <ItemName>טחינה שומש.מלא בארכה500ג</ItemName>
      <ManufacturerName>רושדי תעשיות מזון בע"\מ</ManufacturerName>
      <ManufactureCountry>IL</ManufactureCountry>
      <ManufacturerItemDescription>טחינה שומשום</ManufacturerItemDescription>
      <UnitQty>גרמים</UnitQty>
      <Quantity>500.00</Quantity>
      <bIsWeighted>0</bIsWeighted>
      <UnitOfMeasure>100 גרם</UnitOfMeasure>
      <QtyInPackage>0</QtyInPackage>
      <ItemPrice>19.20</ItemPrice>
      <UnitOfMeasurePrice>3.84</UnitOfMeasurePrice>
      <AllowDiscount>1</AllowDiscount>
      <ItemStatus>1</ItemStatus>
    </Item>
    <Item>
      <PriceUpdateDate>2020-06-23 09:24</PriceUpdateDate>
      <ItemCode>7290001407936</ItemCode>
      <ItemType>1</ItemType>
      <ItemName>טחינה מעודנת בארכה310גרם</ItemName>
      <ManufacturerName>רושדי תעשיות מזון בע"\מ</ManufacturerName>
      <ManufactureCountry>IL</ManufactureCountry>
      <ManufacturerItemDescription>טחינה מעודנת</ManufacturerItemDescription>
      <UnitQty>גרמים</UnitQty>
      <Quantity>310.00</Quantity>
      <bIsWeighted>0</bIsWeighted>
      <UnitOfMeasure>100 גרם</UnitOfMeasure>
      <QtyInPackage>1</QtyInPackage>
      <ItemPrice>13.90</ItemPrice>
      <UnitOfMeasurePrice>4.48</UnitOfMeasurePrice>
      <AllowDiscount>1</AllowDiscount>
      <ItemStatus>1</ItemStatus>
    </Item>
    <Item>
      <PriceUpdateDate>2018-10-16 14:18</PriceUpdateDate>
      <ItemCode>7290001485019</ItemCode>
      <ItemType>1</ItemType>
      <ItemName>גב.שמנת בטעם טבעי5% 200ג</ItemName>
      <ManufacturerName>טרה</ManufacturerName>
      <ManufactureCountry>IL</ManufactureCountry>
      <ManufacturerItemDescription>גבינת שמנת 5%</ManufacturerItemDescription>
      <UnitQty>גרמים</UnitQty>
      <Quantity>200.00</Quantity>
      <bIsWeighted>0</bIsWeighted>
      <UnitOfMeasure>100 גרם</UnitOfMeasure>
      <QtyInPackage>0</QtyInPackage>
      <ItemPrice>11.40</ItemPrice>
      <UnitOfMeasurePrice>5.70</UnitOfMeasurePrice>
      <AllowDiscount>1</AllowDiscount>
      <ItemStatus>1</ItemStatus>
    </Item>
    <Item>
      <PriceUpdateDate>2018-10-16 14:18</PriceUpdateDate>
      <ItemCode>7290001485026</ItemCode>
      <ItemType>1</ItemType>
      <ItemName>גב.שמנת עם זיתים 5% 200ג</ItemName>
      <ManufacturerName>טרה</ManufacturerName>
      <ManufactureCountry>IL</ManufactureCountry>
      <ManufacturerItemDescription>גבינת שמנת+זיתים</ManufacturerItemDescription>
      <UnitQty>גרמים</UnitQty>
      <Quantity>200.00</Quantity>
      <bIsWeighted>0</bIsWeighted>
      <UnitOfMeasure>100 גרם</UnitOfMeasure>
      <QtyInPackage>0</QtyInPackage>
      <ItemPrice>11.40</ItemPrice>
      <UnitOfMeasurePrice>5.70</UnitOfMeasurePrice>
      <AllowDiscount>1</AllowDiscount>
      <ItemStatus>1</ItemStatus>
    </Item>
    <Item>
      <PriceUpdateDate>2018-10-16 14:18</PriceUpdateDate>
      <ItemCode>7290001485033</ItemCode>
      <ItemType>1</ItemType>
      <ItemName>גב.שמנת שום שמיר5% 200ג</ItemName>
      <ManufacturerName>טרה</ManufacturerName>
      <ManufactureCountry>IL</ManufactureCountry>
      <ManufacturerItemDescription>גבינת שמנת 5%</ManufacturerItemDescription>
      <UnitQty>גרמים</UnitQty>
      <Quantity>200.00</Quantity>
      <bIsWeighted>0</bIsWeighted>
      <UnitOfMeasure>100 גרם</UnitOfMeasure>
      <QtyInPackage>0</QtyInPackage>
      <ItemPrice>11.40</ItemPrice>
      <UnitOfMeasurePrice>5.70</UnitOfMeasurePrice>
      <AllowDiscount>1</AllowDiscount>
      <ItemStatus>1</ItemStatus>
    </Item>
    <Item>
      <PriceUpdateDate>2018-11-29 10:11</PriceUpdateDate>
      <ItemCode>7290001594117</ItemCode>
      <ItemType>1</ItemType>
      <ItemName>פאנטה ענבים פחית 330 מ"ל</ItemName>
      <ManufacturerName>החברה המרכזית לייצור משק</ManufacturerName>
      <ManufactureCountry>IL</ManufactureCountry>
      <ManufacturerItemDescription>פאנטה ענבים פחית</ManufacturerItemDescription>
      <UnitQty>מיליליטרים</UnitQty>
      <Quantity>330.00</Quantity>
      <bIsWeighted>0</bIsWeighted>
      <UnitOfMeasure>100 מ"ל</UnitOfMeasure>
      <QtyInPackage>1</QtyInPackage>
      <ItemPrice>6.10</ItemPrice>
      <UnitOfMeasurePrice>1.85</UnitOfMeasurePrice>
      <AllowDiscount>1</AllowDiscount>
      <ItemStatus>1</ItemStatus>
    </Item>
    <Item>
      <PriceUpdateDate>2016-02-02 06:49</PriceUpdateDate>
      <ItemCode>7290001594155</ItemCode>
      <ItemType>1</ItemType>
      <ItemName>קוקה קולה בפלסטיק500 מ"ל</ItemName>
      <ManufacturerName>החברה המרכזית לייצור משק</ManufacturerName>
      <ManufactureCountry>IL</ManufactureCountry>
      <ManufacturerItemDescription>קוקה קולה</ManufacturerItemDescription>
      <UnitQty>מיליליטרים</UnitQty>
      <Quantity>500.00</Quantity>
      <bIsWeighted>0</bIsWeighted>
      <UnitOfMeasure>100 מ"ל</UnitOfMeasure>
      <QtyInPackage>0</QtyInPackage>
      <ItemPrice>7.90</ItemPrice>
      <UnitOfMeasurePrice>1.58</UnitOfMeasurePrice>
      <AllowDiscount>1</AllowDiscount>
      <ItemStatus>1</ItemStatus>
    </Item>
    <Item>
      <PriceUpdateDate>2019-01-03 12:29</PriceUpdateDate>
      <ItemCode>7290001594377</ItemCode>
      <ItemType>1</ItemType>
      <ItemName>פריגת תפוזים 500 מ"ל</ItemName>
      <ManufacturerName>מבשלות בירה בינלאומיות ב</ManufacturerName>
      <ManufactureCountry>IL</ManufactureCountry>
      <ManufacturerItemDescription>פריגת תפוזים</ManufacturerItemDescription>
      <UnitQty>מיליליטרים</UnitQty>
      <Quantity>500.00</Quantity>
      <bIsWeighted>0</bIsWeighted>
      <UnitOfMeasure>100 מ"ל</UnitOfMeasure>
      <QtyInPackage>0</QtyInPackage>
      <ItemPrice>7.10</ItemPrice>
      <UnitOfMeasurePrice>1.42</UnitOfMeasurePrice>
      <AllowDiscount>1</AllowDiscount>
      <ItemStatus>1</ItemStatus>
    </Item>
    <Item>
      <PriceUpdateDate>2018-11-29 10:11</PriceUpdateDate>
      <ItemCode>7290001594384</ItemCode>
      <ItemType>1</ItemType>
      <ItemName>פריגת אשכוליות 500 מ"ל</ItemName>
      <ManufacturerName>---</ManufacturerName>
      <ManufactureCountry>IL</ManufactureCountry>
      <ManufacturerItemDescription>פריגת אשכוליות</ManufacturerItemDescription>
      <UnitQty>מיליליטרים</UnitQty>
      <Quantity>500.00</Quantity>
      <bIsWeighted>0</bIsWeighted>
      <UnitOfMeasure>100 מ"ל</UnitOfMeasure>
      <QtyInPackage>0</QtyInPackage>
      <ItemPrice>7.10</ItemPrice>
      <UnitOfMeasurePrice>1.42</UnitOfMeasurePrice>
      <AllowDiscount>1</AllowDiscount>
      <ItemStatus>1</ItemStatus>
    </Item>
    <Item>
      <PriceUpdateDate>2018-11-29 10:11</PriceUpdateDate>
      <ItemCode>7290001594391</ItemCode>
      <ItemType>1</ItemType>
      <ItemName>פריגת ענבים 500 מ"ל</ItemName>
      <ManufacturerName>מבשלות בירה בינלאומיות ב</ManufacturerName>
      <ManufactureCountry>IL</ManufactureCountry>
      <ManufacturerItemDescription>פריגת ענבים</ManufacturerItemDescription>
      <UnitQty>מיליליטרים</UnitQty>
      <Quantity>500.00</Quantity>
      <bIsWeighted>0</bIsWeighted>
      <UnitOfMeasure>100 מ"ל</UnitOfMeasure>
      <QtyInPackage>0</QtyInPackage>
      <ItemPrice>7.10</ItemPrice>
      <UnitOfMeasurePrice>1.42</UnitOfMeasurePrice>
      <AllowDiscount>1</AllowDiscount>
      <ItemStatus>1</ItemStatus>
    </Item>
    <Item>
      <PriceUpdateDate>2015-09-30 08:06</PriceUpdateDate>
      <ItemCode>7290001594568</ItemCode>
      <ItemType>1</ItemType>
      <ItemName>בירה קרלסברג בפחית500מ"ל</ItemName>
      <ManufacturerName>מבשלות בירה בינלאומיות ב</ManufacturerName>
      <ManufactureCountry>IL</ManufactureCountry>
      <ManufacturerItemDescription>בירה קרלסברג פח</ManufacturerItemDescription>
      <UnitQty>מיליליטרים</UnitQty>
      <Quantity>500.00</Quantity>
      <bIsWeighted>0</bIsWeighted>
      <UnitOfMeasure>100 מ"ל</UnitOfMeasure>
      <QtyInPackage>0</QtyInPackage>
      <ItemPrice>9.90</ItemPrice>
      <UnitOfMeasurePrice>1.98</UnitOfMeasurePrice>
      <AllowDiscount>1</AllowDiscount>
      <ItemStatus>1</ItemStatus>
    </Item>
    <Item>
      <PriceUpdateDate>2015-09-30 08:06</PriceUpdateDate>
      <ItemCode>7290001594575</ItemCode>
      <ItemType>1</ItemType>
      <ItemName>בירה טובורג פחית 500 מ"ל</ItemName>
      <ManufacturerName>מבשלות בירה בינלאומיות ב</ManufacturerName>
      <ManufactureCountry>IL</ManufactureCountry>
      <ManufacturerItemDescription>בירה טובורג פחית</ManufacturerItemDescription>
      <UnitQty>מיליליטרים</UnitQty>
      <Quantity>500.00</Quantity>
      <bIsWeighted>0</bIsWeighted>
      <UnitOfMeasure>100 מ"ל</UnitOfMeasure>
      <QtyInPackage>0</QtyInPackage>
      <ItemPrice>9.90</ItemPrice>
      <UnitOfMeasurePrice>1.98</UnitOfMeasurePrice>
      <AllowDiscount>1</AllowDiscount>
      <ItemStatus>1</ItemStatus>
    </Item>
    <Item>
      <PriceUpdateDate>2018-10-21 09:05</PriceUpdateDate>
      <ItemCode>7290001598122</ItemCode>
      <ItemType>1</ItemType>
      <ItemName>לחם מיוחד שיפון מלא 550ג</ItemName>
      <ManufacturerName>מאפית יוסף בראון</ManufacturerName>
      <ManufactureCountry>IL</ManufactureCountry>
      <ManufacturerItemDescription>לחם מיוחד שיפון</ManufacturerItemDescription>
      <UnitQty>גרמים</UnitQty>
      <Quantity>550.00</Quantity>
      <bIsWeighted>0</bIsWeighted>
      <UnitOfMeasure>100 גרם</UnitOfMeasure>
      <QtyInPackage>1</QtyInPackage>
      <ItemPrice>14.90</ItemPrice>
      <UnitOfMeasurePrice>2.71</UnitOfMeasurePrice>
      <AllowDiscount>1</AllowDiscount>
      <ItemStatus>1</ItemStatus>
    </Item>
    <Item>
      <PriceUpdateDate>2019-01-04 05:35</PriceUpdateDate>
      <ItemCode>7290001598191</ItemCode>
      <ItemType>1</ItemType>
      <ItemName>לחם קל מקמח שיפון מלא550</ItemName>
      <ManufacturerName>מאפיית יוסף ברון בעמ</ManufacturerName>
      <ManufactureCountry>IL</ManufactureCountry>
      <ManufacturerItemDescription>לחם קל שיפון מלא</ManufacturerItemDescription>
      <UnitQty>גרמים</UnitQty>
      <Quantity>550.00</Quantity>
      <bIsWeighted>0</bIsWeighted>
      <UnitOfMeasure>100 גרם</UnitOfMeasure>
      <QtyInPackage>1</QtyInPackage>
      <ItemPrice>14.90</ItemPrice>
      <UnitOfMeasurePrice>2.71</UnitOfMeasurePrice>
      <AllowDiscount>1</AllowDiscount>
      <ItemStatus>1</ItemStatus>
    </Item>
    <Item>
      <PriceUpdateDate>2018-10-21 09:05</PriceUpdateDate>
      <ItemCode>7290001598269</ItemCode>
      <ItemType>1</ItemType>
      <ItemName>לחם 7 דגנים קל 550 גרם</ItemName>
      <ManufacturerName>מאפית יוסף בראון</ManufacturerName>
      <ManufactureCountry>IL</ManufactureCountry>
      <ManufacturerItemDescription>לחם 7 דגנים</ManufacturerItemDescription>
      <UnitQty>גרמים</UnitQty>
      <Quantity>550.00</Quantity>
      <bIsWeighted>0</bIsWeighted>
      <UnitOfMeasure>100 גרם</UnitOfMeasure>
      <QtyInPackage>1</QtyInPackage>
      <ItemPrice>14.90</ItemPrice>
      <UnitOfMeasurePrice>2.71</UnitOfMeasurePrice>
      <AllowDiscount>1</AllowDiscount>
      <ItemStatus>1</ItemStatus>
    </Item>
    <Item>
      <PriceUpdateDate>2018-10-21 09:05</PriceUpdateDate>
      <ItemCode>7290001598528</ItemCode>
      <ItemType>1</ItemType>
      <ItemName>לחם כוסמין מלא 450 גרם</ItemName>
      <ManufacturerName>מאפיית יוסף ברון בעמ</ManufacturerName>
      <ManufactureCountry>IL</ManufactureCountry>
      <ManufacturerItemDescription>לחם כוסמין מלא</ManufacturerItemDescription>
      <UnitQty>גרמים</UnitQty>
      <Quantity>450.00</Quantity>
      <bIsWeighted>0</bIsWeighted>
      <UnitOfMeasure>100 גרם</UnitOfMeasure>
      <QtyInPackage>1</QtyInPackage>
      <ItemPrice>16.90</ItemPrice>
      <UnitOfMeasurePrice>3.76</UnitOfMeasurePrice>
      <AllowDiscount>1</AllowDiscount>
      <ItemStatus>1</ItemStatus>
    </Item>
    <Item>
      <PriceUpdateDate>2018-10-21 09:05</PriceUpdateDate>
      <ItemCode>7290001598573</ItemCode>
      <ItemType>1</ItemType>
      <ItemName>לחמניות כוסמין מלא 100%</ItemName>
      <ManufacturerName>מאפיית יוסף ברון בעמ</ManufacturerName>
      <ManufactureCountry>IL</ManufactureCountry>
      <ManufacturerItemDescription>לחמניות כוסמין</ManufacturerItemDescription>
      <UnitQty>גרמים</UnitQty>
      <Quantity>315.00</Quantity>
      <bIsWeighted>0</bIsWeighted>
      <UnitOfMeasure>100 גרם</UnitOfMeasure>
      <QtyInPackage>1</QtyInPackage>
      <ItemPrice>14.90</ItemPrice>
      <UnitOfMeasurePrice>4.73</UnitOfMeasurePrice>
      <AllowDiscount>1</AllowDiscount>
      <ItemStatus>1</ItemStatus>
    </Item>
    <Item>
      <PriceUpdateDate>2018-10-21 09:05</PriceUpdateDate>
      <ItemCode>7290001598580</ItemCode>
      <ItemType>1</ItemType>
      <ItemName>פיתות כוסמין מלא 372 גרם</ItemName>
      <ManufacturerName>מאפיית יוסף ברון בעמ</ManufacturerName>
      <ManufactureCountry>IL</ManufactureCountry>
      <ManufacturerItemDescription>פיתות כוסמין מלא</ManufacturerItemDescription>
      <UnitQty>גרמים</UnitQty>
      <Quantity>372.00</Quantity>
      <bIsWeighted>0</bIsWeighted>
      <UnitOfMeasure>100 גרם</UnitOfMeasure>
      <QtyInPackage>1</QtyInPackage>
      <ItemPrice>15.90</ItemPrice>
      <UnitOfMeasurePrice>4.27</UnitOfMeasurePrice>
      <AllowDiscount>1</AllowDiscount>
      <ItemStatus>1</ItemStatus>
    </Item>
    <Item>
      <PriceUpdateDate>2017-03-13 08:34</PriceUpdateDate>
      <ItemCode>7290001780138</ItemCode>
      <ItemType>1</ItemType>
      <ItemName>קראנץ שוקולד חלב</ItemName>
      <ManufacturerName>גלידות נסטלה</ManufacturerName>
      <ManufactureCountry>IL</ManufactureCountry>
      <ManufacturerItemDescription>קראנץ שןקולד חלב</ManufacturerItemDescription>
      <UnitQty>יחידה</UnitQty>
      <Quantity>1.00</Quantity>
      <bIsWeighted>0</bIsWeighted>
      <UnitOfMeasure>יחידה</UnitOfMeasure>
      <QtyInPackage>0</QtyInPackage>
      <ItemPrice>10.00</ItemPrice>
      <UnitOfMeasurePrice>10.00</UnitOfMeasurePrice>
      <AllowDiscount>1</AllowDiscount>
      <ItemStatus>1</ItemStatus>
    </Item>
    <Item>
      <PriceUpdateDate>2017-03-13 08:34</PriceUpdateDate>
      <ItemCode>7290001780800</ItemCode>
      <ItemType>1</ItemType>
      <ItemName>קראנץ ליבת נוגט</ItemName>
      <ManufacturerName>גלידות נסטלה</ManufacturerName>
      <ManufactureCountry>IL</ManufactureCountry>
      <ManufacturerItemDescription>קראנץ נוגט</ManufacturerItemDescription>
      <UnitQty>יחידה</UnitQty>
      <Quantity>1.00</Quantity>
      <bIsWeighted>0</bIsWeighted>
      <UnitOfMeasure>יחידה</UnitOfMeasure>
      <QtyInPackage>0</QtyInPackage>
      <ItemPrice>10.00</ItemPrice>
      <UnitOfMeasurePrice>10.00</UnitOfMeasurePrice>
      <AllowDiscount>1</AllowDiscount>
      <ItemStatus>1</ItemStatus>
    </Item>
    <Item>
      <PriceUpdateDate>2018-05-22 12:22</PriceUpdateDate>
      <ItemCode>7290001791349</ItemCode>
      <ItemType>1</ItemType>
      <ItemName>פיסגה אקונומיקה ריחנית4ל</ItemName>
      <ManufacturerName>סנו מפעלי ברונוס בע"מ</ManufacturerName>
      <ManufactureCountry>IL</ManufactureCountry>
      <ManufacturerItemDescription>אקונומיקה פיסגה</ManufacturerItemDescription>
      <UnitQty>ליטרים</UnitQty>
      <Quantity>4.00</Quantity>
      <bIsWeighted>0</bIsWeighted>
      <UnitOfMeasure>ליטר</UnitOfMeasure>
      <QtyInPackage>0</QtyInPackage>
      <ItemPrice>11.90</ItemPrice>
      <UnitOfMeasurePrice>2.98</UnitOfMeasurePrice>
      <AllowDiscount>1</AllowDiscount>
      <ItemStatus>1</ItemStatus>
    </Item>
    <Item>
      <PriceUpdateDate>2017-02-07 07:16</PriceUpdateDate>
      <ItemCode>7290001817063</ItemCode>
      <ItemType>1</ItemType>
      <ItemName>טופי מזל וברכות 850 גרם</ItemName>
      <ManufacturerName>עלית</ManufacturerName>
      <ManufactureCountry>IL</ManufactureCountry>
      <ManufacturerItemDescription>טופי מזל וברכות</ManufacturerItemDescription>
      <UnitQty>גרמים</UnitQty>
      <Quantity>850.00</Quantity>
      <bIsWeighted>0</bIsWeighted>
      <UnitOfMeasure>100 גרם</UnitOfMeasure>
      <QtyInPackage>0</QtyInPackage>
      <ItemPrice>16.60</ItemPrice>
      <UnitOfMeasurePrice>1.95</UnitOfMeasurePrice>
      <AllowDiscount>1</AllowDiscount>
      <ItemStatus>1</ItemStatus>
    </Item>
    <Item>
      <PriceUpdateDate>2014-07-21 07:19</PriceUpdateDate>
      <ItemCode>7290001817377</ItemCode>
      <ItemType>1</ItemType>
      <ItemName>ציטוס איקס עיגול פיצה60ג</ItemName>
      <ManufacturerName>שטראוס פריטו ליי בע"\מ )</ManufacturerName>
      <ManufactureCountry>IL</ManufactureCountry>
      <ManufacturerItemDescription>צ'יטוס איקס</ManufacturerItemDescription>
      <UnitQty>גרמים</UnitQty>
      <Quantity>60.00</Quantity>
      <bIsWeighted>0</bIsWeighted>
      <UnitOfMeasure>100 גרם</UnitOfMeasure>
      <QtyInPackage>0</QtyInPackage>
      <ItemPrice>3.60</ItemPrice>
      <UnitOfMeasurePrice>6.00</UnitOfMeasurePrice>
      <AllowDiscount>1</AllowDiscount>
      <ItemStatus>1</ItemStatus>
    </Item>
    <Item>
      <PriceUpdateDate>2014-07-21 07:19</PriceUpdateDate>
      <ItemCode>7290001817728</ItemCode>
      <ItemType>1</ItemType>
      <ItemName>צ'יטוס כאפה 55 גרם</ItemName>
      <ManufacturerName>שטראוס פריטו ליי בע"\מ )</ManufacturerName>
      <ManufactureCountry>IL</ManufactureCountry>
      <ManufacturerItemDescription>צ'יטוס כפאה</ManufacturerItemDescription>
      <UnitQty>גרמים</UnitQty>
      <Quantity>55.00</Quantity>
      <bIsWeighted>0</bIsWeighted>
      <UnitOfMeasure>100 גרם</UnitOfMeasure>
      <QtyInPackage>0</QtyInPackage>
      <ItemPrice>3.60</ItemPrice>
      <UnitOfMeasurePrice>6.55</UnitOfMeasurePrice>
      <AllowDiscount>1</AllowDiscount>
      <ItemStatus>1</ItemStatus>
    </Item>
    <Item>
      <PriceUpdateDate>2018-01-30 11:40</PriceUpdateDate>
      <ItemCode>7290001875315</ItemCode>
      <ItemType>1</ItemType>
      <ItemName>שניצל דק טרי פרימיום קג</ItemName>
      <ManufacturerName>עוף עוז</ManufacturerName>
      <ManufactureCountry>IL</ManufactureCountry>
      <ManufacturerItemDescription>שניצל דק פרימיום</ManufacturerItemDescription>
      <UnitQty>קילוגרמים</UnitQty>
      <Quantity>0.00</Quantity>
      <bIsWeighted>1</bIsWeighted>
      <UnitOfMeasure>ק"ג</UnitOfMeasure>
      <QtyInPackage>1</QtyInPackage>
      <ItemPrice>44.90</ItemPrice>
      <UnitOfMeasurePrice>44.90</UnitOfMeasurePrice>
      <AllowDiscount>1</AllowDiscount>
      <ItemStatus>1</ItemStatus>
    </Item>
    <Item>
      <PriceUpdateDate>2018-01-30 11:40</PriceUpdateDate>
      <ItemCode>7290001875353</ItemCode>
      <ItemType>1</ItemType>
      <ItemName>שוקיים עוף טרי פרימיום ק</ItemName>
      <ManufacturerName>עוף עוז</ManufacturerName>
      <ManufactureCountry>IL</ManufactureCountry>
      <ManufacturerItemDescription>שוקיים פרמיום טר</ManufacturerItemDescription>
      <UnitQty>קילוגרמים</UnitQty>
      <Quantity>0.00</Quantity>
      <bIsWeighted>1</bIsWeighted>
      <UnitOfMeasure>ק"ג</UnitOfMeasure>
      <QtyInPackage>1</QtyInPackage>
      <ItemPrice>37.90</ItemPrice>
      <UnitOfMeasurePrice>37.90</UnitOfMeasurePrice>
      <AllowDiscount>1</AllowDiscount>
      <ItemStatus>1</ItemStatus>
    </Item>
    <Item>
      <PriceUpdateDate>2016-10-25 06:52</PriceUpdateDate>
      <ItemCode>7290002008040</ItemCode>
      <ItemType>1</ItemType>
      <ItemName>מקלות לשיפודים30ס"מ100יח</ItemName>
      <ManufacturerName>הנמל אריזות ושיווק בע"\מ</ManufacturerName>
      <ManufactureCountry>IL</ManufactureCountry>
      <ManufacturerItemDescription>מקלות לשיפודים</ManufacturerItemDescription>
      <UnitQty>יחידה</UnitQty>
      <Quantity>1.00</Quantity>
      <bIsWeighted>0</bIsWeighted>
      <UnitOfMeasure>יחידה</UnitOfMeasure>
      <QtyInPackage>0</QtyInPackage>
      <ItemPrice>3.50</ItemPrice>
      <UnitOfMeasurePrice>3.50</UnitOfMeasurePrice>
      <AllowDiscount>1</AllowDiscount>
      <ItemStatus>1</ItemStatus>
    </Item>
    <Item>
      <PriceUpdateDate>2015-09-30 08:14</PriceUpdateDate>
      <ItemCode>7290002008149</ItemCode>
      <ItemType>1</ItemType>
      <ItemName>מדליק פחם מוצק 40 קוביות</ItemName>
      <ManufacturerName>הנמל</ManufacturerName>
      <ManufactureCountry>GB</ManufactureCountry>
      <ManufacturerItemDescription>מדליק פחמים</ManufacturerItemDescription>
      <UnitQty>יחידה</UnitQty>
      <Quantity>1.00</Quantity>
      <bIsWeighted>0</bIsWeighted>
      <UnitOfMeasure>יחידה</UnitOfMeasure>
      <QtyInPackage>0</QtyInPackage>
      <ItemPrice>6.80</ItemPrice>
      <UnitOfMeasurePrice>6.80</UnitOfMeasurePrice>
      <AllowDiscount>1</AllowDiscount>
      <ItemStatus>1</ItemStatus>
    </Item>
    <Item>
      <PriceUpdateDate>2018-02-21 10:09</PriceUpdateDate>
      <ItemCode>7290002008187</ItemCode>
      <ItemType>1</ItemType>
      <ItemName>קשים מתקפלים 40 יח'</ItemName>
      <ManufacturerName>הנמל</ManufacturerName>
      <ManufactureCountry>IL</ManufactureCountry>
      <ManufacturerItemDescription>קשים מתקפלים</ManufacturerItemDescription>
      <UnitQty>יחידה</UnitQty>
      <Quantity>1.00</Quantity>
      <bIsWeighted>0</bIsWeighted>
      <UnitOfMeasure>יחידה</UnitOfMeasure>
      <QtyInPackage>0</QtyInPackage>
      <ItemPrice>1.00</ItemPrice>
      <UnitOfMeasurePrice>1.00</UnitOfMeasurePrice>
      <AllowDiscount>1</AllowDiscount>
      <ItemStatus>1</ItemStatus>
    </Item>
    <Item>
      <PriceUpdateDate>2015-09-30 08:07</PriceUpdateDate>
      <ItemCode>7290002008934</ItemCode>
      <ItemType>1</ItemType>
      <ItemName>סוכריות לקישוט 200 גרם</ItemName>
      <ManufacturerName>הנמל</ManufacturerName>
      <ManufactureCountry>IL</ManufactureCountry>
      <ManufacturerItemDescription>סוכריות לקישוט</ManufacturerItemDescription>
      <UnitQty>גרמים</UnitQty>
      <Quantity>200.00</Quantity>
      <bIsWeighted>0</bIsWeighted>
      <UnitOfMeasure>100 גרם</UnitOfMeasure>
      <QtyInPackage>0</QtyInPackage>
      <ItemPrice>9.00</ItemPrice>
      <UnitOfMeasurePrice>4.50</UnitOfMeasurePrice>
      <AllowDiscount>1</AllowDiscount>
      <ItemStatus>1</ItemStatus>
    </Item>
    <Item>
      <PriceUpdateDate>2015-05-19 06:40</PriceUpdateDate>
      <ItemCode>7290002008989</ItemCode>
      <ItemType>1</ItemType>
      <ItemName>קישקשים בקופסא 225 יח'</ItemName>
      <ManufacturerName>שיווק: הנמל אריזות ושיוו</ManufacturerName>
      <ManufactureCountry>CN</ManufactureCountry>
      <ManufacturerItemDescription>קישקשים</ManufacturerItemDescription>
      <UnitQty>יחידה</UnitQty>
      <Quantity>1.00</Quantity>
      <bIsWeighted>0</bIsWeighted>
      <UnitOfMeasure>יחידה</UnitOfMeasure>
      <QtyInPackage>0</QtyInPackage>
      <ItemPrice>6.90</ItemPrice>
      <UnitOfMeasurePrice>6.90</UnitOfMeasurePrice>
      <AllowDiscount>1</AllowDiscount>
      <ItemStatus>1</ItemStatus>
    </Item>
    <Item>
      <PriceUpdateDate>2020-06-08 08:30</PriceUpdateDate>
      <ItemCode>7290002020189</ItemCode>
      <ItemType>1</ItemType>
      <ItemName>סופגניה מיני עם ריבה</ItemName>
      <ManufacturerName>גידרון</ManufacturerName>
      <ManufactureCountry>IL</ManufactureCountry>
      <ManufacturerItemDescription>סופגניה מיני</ManufacturerItemDescription>
      <UnitQty>גרמים</UnitQty>
      <Quantity>35.00</Quantity>
      <bIsWeighted>0</bIsWeighted>
      <UnitOfMeasure>100 גרם</UnitOfMeasure>
      <QtyInPackage>0</QtyInPackage>
      <ItemPrice>3.50</ItemPrice>
      <UnitOfMeasurePrice>10.00</UnitOfMeasurePrice>
      <AllowDiscount>1</AllowDiscount>
      <ItemStatus>1</ItemStatus>
    </Item>
    <Item>
      <PriceUpdateDate>2019-12-16 11:39</PriceUpdateDate>
      <ItemCode>7290002026778</ItemCode>
      <ItemType>1</ItemType>
      <ItemName>גל.קון סוויט קון 428גרם</ItemName>
      <ManufacturerName>מוצרי איכות אמריקאיים בע</ManufacturerName>
      <ManufactureCountry>IL</ManufactureCountry>
      <ManufacturerItemDescription>גל.קון סוויט קון</ManufacturerItemDescription>
      <UnitQty>גרמים</UnitQty>
      <Quantity>428.00</Quantity>
      <bIsWeighted>0</bIsWeighted>
      <UnitOfMeasure>100 גרם</UnitOfMeasure>
      <QtyInPackage>1</QtyInPackage>
      <ItemPrice>24.90</ItemPrice>
      <UnitOfMeasurePrice>5.82</UnitOfMeasurePrice>
      <AllowDiscount>1</AllowDiscount>
      <ItemStatus>1</ItemStatus>
    </Item>
    <Item>
      <PriceUpdateDate>2018-05-29 08:01</PriceUpdateDate>
      <ItemCode>7290002037057</ItemCode>
      <ItemType>1</ItemType>
      <ItemName>לחם פרוס לבן 500 גרם</ItemName>
      <ManufacturerName>י.את.א.ברמן בע"\מ</ManufacturerName>
      <ManufactureCountry>IL</ManufactureCountry>
      <ManufacturerItemDescription>לחם לבן פרוס</ManufacturerItemDescription>
      <UnitQty>גרמים</UnitQty>
      <Quantity>500.00</Quantity>
      <bIsWeighted>0</bIsWeighted>
      <UnitOfMeasure>100 גרם</UnitOfMeasure>
      <QtyInPackage>0</QtyInPackage>
      <ItemPrice>6.10</ItemPrice>
      <UnitOfMeasurePrice>1.22</UnitOfMeasurePrice>
      <AllowDiscount>1</AllowDiscount>
      <ItemStatus>1</ItemStatus>
    </Item>
    <Item>
      <PriceUpdateDate>2019-01-31 10:29</PriceUpdateDate>
      <ItemCode>7290002037309</ItemCode>
      <ItemType>1</ItemType>
      <ItemName>לחמניות המבורגר 50*8 גרם</ItemName>
      <ManufacturerName>י.את.א.ברמן בע"\מ</ManufacturerName>
      <ManufactureCountry>IL</ManufactureCountry>
      <ManufacturerItemDescription>8לחמניות המבורגר</ManufacturerItemDescription>
      <UnitQty>גרמים</UnitQty>
      <Quantity>400.00</Quantity>
      <bIsWeighted>0</bIsWeighted>
      <UnitOfMeasure>100 גרם</UnitOfMeasure>
      <QtyInPackage>0</QtyInPackage>
      <ItemPrice>11.90</ItemPrice>
      <UnitOfMeasurePrice>2.98</UnitOfMeasurePrice>
      <AllowDiscount>1</AllowDiscount>
      <ItemStatus>1</ItemStatus>
    </Item>
    <Item>
      <PriceUpdateDate>2019-01-31 10:29</PriceUpdateDate>
      <ItemCode>7290002037637</ItemCode>
      <ItemType>1</ItemType>
      <ItemName>חליות מתוקות 4 יח'</ItemName>
      <ManufacturerName>מאפית ודש</ManufacturerName>
      <ManufactureCountry>IL</ManufactureCountry>
      <ManufacturerItemDescription>חליות מתוקות 4יח</ManufacturerItemDescription>
      <UnitQty>גרמים</UnitQty>
      <Quantity>350.00</Quantity>
      <bIsWeighted>0</bIsWeighted>
      <UnitOfMeasure>100 גרם</UnitOfMeasure>
      <QtyInPackage>0</QtyInPackage>
      <ItemPrice>13.60</ItemPrice>
      <UnitOfMeasurePrice>3.89</UnitOfMeasurePrice>
      <AllowDiscount>1</AllowDiscount>
      <ItemStatus>1</ItemStatus>
    </Item>
    <Item>
      <PriceUpdateDate>2017-06-20 12:18</PriceUpdateDate>
      <ItemCode>7290002057048</ItemCode>
      <ItemType>1</ItemType>
      <ItemName>זית סורי מבוקע 540 גרם</ItemName>
      <ManufacturerName>קבוצת יבנה</ManufacturerName>
      <ManufactureCountry>IL</ManufactureCountry>
      <ManufacturerItemDescription>זית סורי מבוקע</ManufacturerItemDescription>
      <UnitQty>גרמים</UnitQty>
      <Quantity>540.00</Quantity>
      <bIsWeighted>0</bIsWeighted>
      <UnitOfMeasure>100 גרם</UnitOfMeasure>
      <QtyInPackage>0</QtyInPackage>
      <ItemPrice>12.00</ItemPrice>
      <UnitOfMeasurePrice>2.22</UnitOfMeasurePrice>
      <AllowDiscount>1</AllowDiscount>
      <ItemStatus>1</ItemStatus>
    </Item>
    <Item>
      <PriceUpdateDate>2017-06-20 12:18</PriceUpdateDate>
      <ItemCode>7290002057123</ItemCode>
      <ItemType>1</ItemType>
      <ItemName>מנזנילו ירוק ל.גלעין540ג</ItemName>
      <ManufacturerName>קבוצת יבנה</ManufacturerName>
      <ManufactureCountry>IL</ManufactureCountry>
      <ManufacturerItemDescription>זית ללא גלעין</ManufacturerItemDescription>
      <UnitQty>גרמים</UnitQty>
      <Quantity>540.00</Quantity>
      <bIsWeighted>0</bIsWeighted>
      <UnitOfMeasure>100 גרם</UnitOfMeasure>
      <QtyInPackage>0</QtyInPackage>
      <ItemPrice>9.90</ItemPrice>
      <UnitOfMeasurePrice>1.83</UnitOfMeasurePrice>
      <AllowDiscount>1</AllowDiscount>
      <ItemStatus>1</ItemStatus>
    </Item>
    <Item>
      <PriceUpdateDate>2017-06-20 12:18</PriceUpdateDate>
      <ItemCode>7290002057628</ItemCode>
      <ItemType>1</ItemType>
      <ItemName>טבעות זיתים מושחרים540גר</ItemName>
      <ManufacturerName>קבוצת יבנה</ManufacturerName>
      <ManufactureCountry>IL</ManufactureCountry>
      <ManufacturerItemDescription>טבעות זיתים</ManufacturerItemDescription>
      <UnitQty>גרמים</UnitQty>
      <Quantity>540.00</Quantity>
      <bIsWeighted>0</bIsWeighted>
      <UnitOfMeasure>100 גרם</UnitOfMeasure>
      <QtyInPackage>0</QtyInPackage>
      <ItemPrice>11.50</ItemPrice>
      <UnitOfMeasurePrice>2.13</UnitOfMeasurePrice>
      <AllowDiscount>1</AllowDiscount>
      <ItemStatus>1</ItemStatus>
    </Item>
    <Item>
      <PriceUpdateDate>2017-11-14 10:38</PriceUpdateDate>
      <ItemCode>7290002065555</ItemCode>
      <ItemType>1</ItemType>
      <ItemName>לחמניות בשקית 75*6 גרם</ItemName>
      <ManufacturerName>מאפיית שלמה א. אנג'\ל בע</ManufacturerName>
      <ManufactureCountry>IL</ManufactureCountry>
      <ManufacturerItemDescription>6 לחמניות בשקית</ManufacturerItemDescription>
      <UnitQty>גרמים</UnitQty>
      <Quantity>450.00</Quantity>
      <bIsWeighted>0</bIsWeighted>
      <UnitOfMeasure>100 גרם</UnitOfMeasure>
      <QtyInPackage>0</QtyInPackage>
      <ItemPrice>11.90</ItemPrice>
      <UnitOfMeasurePrice>2.64</UnitOfMeasurePrice>
      <AllowDiscount>1</AllowDiscount>
      <ItemStatus>1</ItemStatus>
    </Item>
    <Item>
      <PriceUpdateDate>2017-11-14 10:38</PriceUpdateDate>
      <ItemCode>7290002065616</ItemCode>
      <ItemType>1</ItemType>
      <ItemName>לחם שיפון גרעינים 750גרם</ItemName>
      <ManufacturerName>מאפיית שלמה א. אנג'\ל בע</ManufacturerName>
      <ManufactureCountry>IL</ManufactureCountry>
      <ManufacturerItemDescription>לחם שיפון</ManufacturerItemDescription>
      <UnitQty>גרמים</UnitQty>
      <Quantity>750.00</Quantity>
      <bIsWeighted>0</bIsWeighted>
      <UnitOfMeasure>100 גרם</UnitOfMeasure>
      <QtyInPackage>0</QtyInPackage>
      <ItemPrice>13.50</ItemPrice>
      <UnitOfMeasurePrice>1.80</UnitOfMeasurePrice>
      <AllowDiscount>1</AllowDiscount>
      <ItemStatus>1</ItemStatus>
    </Item>
    <Item>
      <PriceUpdateDate>2019-05-28 14:16</PriceUpdateDate>
      <ItemCode>7290002107019</ItemCode>
      <ItemType>1</ItemType>
      <ItemName>גב.צפתית מעודנת5% 250גרם</ItemName>
      <ManufacturerName>משק צוריאל</ManufacturerName>
      <ManufactureCountry>IL</ManufactureCountry>
      <ManufacturerItemDescription>צפתית מעודנת5%</ManufacturerItemDescription>
      <UnitQty>גרמים</UnitQty>
      <Quantity>250.00</Quantity>
      <bIsWeighted>0</bIsWeighted>
      <UnitOfMeasure>100 גרם</UnitOfMeasure>
      <QtyInPackage>0</QtyInPackage>
      <ItemPrice>17.90</ItemPrice>
      <UnitOfMeasurePrice>7.16</UnitOfMeasurePrice>
      <AllowDiscount>1</AllowDiscount>
      <ItemStatus>1</ItemStatus>
    </Item>
    <Item>
      <PriceUpdateDate>2020-10-10 18:30</PriceUpdateDate>
      <ItemCode>7290002107491</ItemCode>
      <ItemType>1</ItemType>
      <ItemName>גב.עיזים5% למריחה 250 גר</ItemName>
      <ManufacturerName>משק צוריאל</ManufacturerName>
      <ManufactureCountry>IL</ManufactureCountry>
      <ManufacturerItemDescription>גבינת עיזים 5%</ManufacturerItemDescription>
      <UnitQty>גרמים</UnitQty>
      <Quantity>250.00</Quantity>
      <bIsWeighted>0</bIsWeighted>
      <UnitOfMeasure>100 גרם</UnitOfMeasure>
      <QtyInPackage>0</QtyInPackage>
      <ItemPrice>11.90</ItemPrice>
      <UnitOfMeasurePrice>4.76</UnitOfMeasurePrice>
      <AllowDiscount>1</AllowDiscount>
      <ItemStatus>1</ItemStatus>
    </Item>
    <Item>
      <PriceUpdateDate>2018-10-16 14:18</PriceUpdateDate>
      <ItemCode>7290002107798</ItemCode>
      <ItemType>1</ItemType>
      <ItemName>בולגרית מעודנת 5% 250 גר</ItemName>
      <ManufacturerName>משק צוריאל</ManufacturerName>
      <ManufactureCountry>IL</ManufactureCountry>
      <ManufacturerItemDescription>גבינה בולגרית 5%</ManufacturerItemDescription>
      <UnitQty>גרמים</UnitQty>
      <Quantity>250.00</Quantity>
      <bIsWeighted>0</bIsWeighted>
      <UnitOfMeasure>100 גרם</UnitOfMeasure>
      <QtyInPackage>0</QtyInPackage>
      <ItemPrice>22.40</ItemPrice>
      <UnitOfMeasurePrice>8.96</UnitOfMeasurePrice>
      <AllowDiscount>1</AllowDiscount>
      <ItemStatus>1</ItemStatus>
    </Item>
    <Item>
      <PriceUpdateDate>2020-08-04 16:29</PriceUpdateDate>
      <ItemCode>7290002130567</ItemCode>
      <ItemType>1</ItemType>
      <ItemName>דבש טהור יד מרדכי 350גרם</ItemName>
      <ManufacturerName>מכוורת יד מרדכי שטראוס ב</ManufacturerName>
      <ManufactureCountry>IL</ManufactureCountry>
      <ManufacturerItemDescription>דבש טהור</ManufacturerItemDescription>
      <UnitQty>גרמים</UnitQty>
      <Quantity>350.00</Quantity>
      <bIsWeighted>0</bIsWeighted>
      <UnitOfMeasure>100 גרם</UnitOfMeasure>
      <QtyInPackage>0</QtyInPackage>
      <ItemPrice>20.90</ItemPrice>
      <UnitOfMeasurePrice>5.97</UnitOfMeasurePrice>
      <AllowDiscount>1</AllowDiscount>
      <ItemStatus>1</ItemStatus>
    </Item>
    <Item>
      <PriceUpdateDate>2017-03-17 07:11</PriceUpdateDate>
      <ItemCode>7290002157960</ItemCode>
      <ItemType>1</ItemType>
      <ItemName>טונה במים 4 * 140 גרם</ItemName>
      <ManufacturerName>ויליגר</ManufacturerName>
      <ManufactureCountry>TH</ManufactureCountry>
      <ManufacturerItemDescription>טונה במים 4 יח</ManufacturerItemDescription>
      <UnitQty>גרמים</UnitQty>
      <Quantity>560.00</Quantity>
      <bIsWeighted>0</bIsWeighted>
      <UnitOfMeasure>100 גרם</UnitOfMeasure>
      <QtyInPackage>1</QtyInPackage>
      <ItemPrice>23.90</ItemPrice>
      <UnitOfMeasurePrice>4.27</UnitOfMeasurePrice>
      <AllowDiscount>1</AllowDiscount>
      <ItemStatus>1</ItemStatus>
    </Item>
    <Item>
      <PriceUpdateDate>2018-11-29 10:11</PriceUpdateDate>
      <ItemCode>7290002331155</ItemCode>
      <ItemType>1</ItemType>
      <ItemName>נביעות ט.אפרסק עדין 500מ</ItemName>
      <ManufacturerName>נביעות טבע הגליל בעמ</ManufacturerName>
      <ManufactureCountry>IL</ManufactureCountry>
      <ManufacturerItemDescription>נביעות אפרסק</ManufacturerItemDescription>
      <UnitQty>מיליליטרים</UnitQty>
      <Quantity>500.00</Quantity>
      <bIsWeighted>0</bIsWeighted>
      <UnitOfMeasure>100 מ"ל</UnitOfMeasure>
      <QtyInPackage>0</QtyInPackage>
      <ItemPrice>7.00</ItemPrice>
      <UnitOfMeasurePrice>1.40</UnitOfMeasurePrice>
      <AllowDiscount>1</AllowDiscount>
      <ItemStatus>1</ItemStatus>
    </Item>
    <Item>
      <PriceUpdateDate>2017-02-07 07:16</PriceUpdateDate>
      <ItemCode>7290002331322</ItemCode>
      <ItemType>1</ItemType>
      <ItemName>מים מינרל.נביעות 1.5*6ל</ItemName>
      <ManufacturerName>נביעות טבע הגליל בעמ</ManufacturerName>
      <ManufactureCountry>IL</ManufactureCountry>
      <ManufacturerItemDescription>מים נביעות 6 יח</ManufacturerItemDescription>
      <UnitQty>ליטרים</UnitQty>
      <Quantity>9.00</Quantity>
      <bIsWeighted>0</bIsWeighted>
      <UnitOfMeasure>ליטר</UnitOfMeasure>
      <QtyInPackage>0</QtyInPackage>
      <ItemPrice>11.90</ItemPrice>
      <UnitOfMeasurePrice>1.32</UnitOfMeasurePrice>
      <AllowDiscount>1</AllowDiscount>
      <ItemStatus>1</ItemStatus>
    </Item>
    <Item>
      <PriceUpdateDate>2020-10-10 18:30</PriceUpdateDate>
      <ItemCode>7290002331360</ItemCode>
      <ItemType>1</ItemType>
      <ItemName>נביעות פקק טו גו 500*6מל</ItemName>
      <ManufacturerName>נביעות טבע</ManufacturerName>
      <ManufactureCountry>IL</ManufactureCountry>
      <ManufacturerItemDescription>נביעות ספורט 6יח</ManufacturerItemDescription>
      <UnitQty>ליטרים</UnitQty>
      <Quantity>3.00</Quantity>
      <bIsWeighted>0</bIsWeighted>
      <UnitOfMeasure>ליטר</UnitOfMeasure>
      <QtyInPackage>0</QtyInPackage>
      <ItemPrice>14.90</ItemPrice>
      <UnitOfMeasurePrice>4.97</UnitOfMeasurePrice>
      <AllowDiscount>1</AllowDiscount>
      <ItemStatus>1</ItemStatus>
    </Item>
    <Item>
      <PriceUpdateDate>2019-08-13 08:20</PriceUpdateDate>
      <ItemCode>7290002363491</ItemCode>
      <ItemType>1</ItemType>
      <ItemName>יין קונדיטון 750 מ"ל</ItemName>
      <ManufacturerName>הכורמים</ManufacturerName>
      <ManufactureCountry>IL</ManufactureCountry>
      <ManufacturerItemDescription>יין קונדיטון</ManufacturerItemDescription>
      <UnitQty>מיליליטרים</UnitQty>
      <Quantity>750.00</Quantity>
      <bIsWeighted>0</bIsWeighted>
      <UnitOfMeasure>100 מ"ל</UnitOfMeasure>
      <QtyInPackage>0</QtyInPackage>
      <ItemPrice>27.90</ItemPrice>
      <UnitOfMeasurePrice>3.72</UnitOfMeasurePrice>
      <AllowDiscount>1</AllowDiscount>
      <ItemStatus>1</ItemStatus>
    </Item>
    <Item>
      <PriceUpdateDate>2017-03-07 06:46</PriceUpdateDate>
      <ItemCode>7290002371533</ItemCode>
      <ItemType>1</ItemType>
      <ItemName>סלסולי פסטרמה דבש 120 גר</ItemName>
      <ManufacturerName>טיב טירת צבי 2000</ManufacturerName>
      <ManufactureCountry>IL</ManufactureCountry>
      <ManufacturerItemDescription>סלסולי פסטרמה</ManufacturerItemDescription>
      <UnitQty>גרמים</UnitQty>
      <Quantity>120.00</Quantity>
      <bIsWeighted>0</bIsWeighted>
      <UnitOfMeasure>100 גרם</UnitOfMeasure>
      <QtyInPackage>0</QtyInPackage>
      <ItemPrice>17.90</ItemPrice>
      <UnitOfMeasurePrice>14.92</UnitOfMeasurePrice>
      <AllowDiscount>1</AllowDiscount>
      <ItemStatus>1</ItemStatus>
    </Item>
    <Item>
      <PriceUpdateDate>2020-10-10 18:30</PriceUpdateDate>
      <ItemCode>7290002472117</ItemCode>
      <ItemType>1</ItemType>
      <ItemName>פס קצפת קפוצ'ינו 600 גרם</ItemName>
      <ManufacturerName>---</ManufacturerName>
      <ManufactureCountry>IL</ManufactureCountry>
      <ManufacturerItemDescription>פס קצפת קפוצ'ינו</ManufacturerItemDescription>
      <UnitQty>גרמים</UnitQty>
      <Quantity>600.00</Quantity>
      <bIsWeighted>0</bIsWeighted>
      <UnitOfMeasure>100 גרם</UnitOfMeasure>
      <QtyInPackage>0</QtyInPackage>
      <ItemPrice>39.90</ItemPrice>
      <UnitOfMeasurePrice>6.65</UnitOfMeasurePrice>
      <AllowDiscount>1</AllowDiscount>
      <ItemStatus>1</ItemStatus>
    </Item>
    <Item>
      <PriceUpdateDate>2017-05-23 08:22</PriceUpdateDate>
      <ItemCode>7290002551003</ItemCode>
      <ItemType>1</ItemType>
      <ItemName>טונה סטארקיסט בשמן 160 ג</ItemName>
      <ManufacturerName>סטארקיסט</ManufacturerName>
      <ManufactureCountry>IL</ManufactureCountry>
      <ManufacturerItemDescription>טונה סטארקיסט</ManufacturerItemDescription>
      <UnitQty>גרמים</UnitQty>
      <Quantity>160.00</Quantity>
      <bIsWeighted>0</bIsWeighted>
      <UnitOfMeasure>100 גרם</UnitOfMeasure>
      <QtyInPackage>0</QtyInPackage>
      <ItemPrice>8.20</ItemPrice>
      <UnitOfMeasurePrice>5.13</UnitOfMeasurePrice>
      <AllowDiscount>1</AllowDiscount>
      <ItemStatus>1</ItemStatus>
    </Item>
    <Item>
      <PriceUpdateDate>2018-02-21 10:09</PriceUpdateDate>
      <ItemCode>7290002603474</ItemCode>
      <ItemType>1</ItemType>
      <ItemName>פיצת שף מאיטליה פטריות 2</ItemName>
      <ManufacturerName>שגב</ManufacturerName>
      <ManufactureCountry>IT</ManufactureCountry>
      <ManufacturerItemDescription>פיצת השף מאיטליה</ManufacturerItemDescription>
      <UnitQty>גרמים</UnitQty>
      <Quantity>200.00</Quantity>
      <bIsWeighted>0</bIsWeighted>
      <UnitOfMeasure>100 גרם</UnitOfMeasure>
      <QtyInPackage>1</QtyInPackage>
      <ItemPrice>16.90</ItemPrice>
      <UnitOfMeasurePrice>8.45</UnitOfMeasurePrice>
      <AllowDiscount>1</AllowDiscount>
      <ItemStatus>1</ItemStatus>
    </Item>
    <Item>
      <PriceUpdateDate>2015-09-30 08:09</PriceUpdateDate>
      <ItemCode>7290002661115</ItemCode>
      <ItemType>1</ItemType>
      <ItemName>לחם הולנדי 1.200 ק"ג</ItemName>
      <ManufacturerName>מאפית ודש</ManufacturerName>
      <ManufactureCountry>IL</ManufactureCountry>
      <ManufacturerItemDescription>לחם הולנדי</ManufacturerItemDescription>
      <UnitQty>קילוגרמים</UnitQty>
      <Quantity>1.20</Quantity>
      <bIsWeighted>0</bIsWeighted>
      <UnitOfMeasure>ק"ג</UnitOfMeasure>
      <QtyInPackage>0</QtyInPackage>
      <ItemPrice>17.70</ItemPrice>
      <UnitOfMeasurePrice>14.75</UnitOfMeasurePrice>
      <AllowDiscount>1</AllowDiscount>
      <ItemStatus>1</ItemStatus>
    </Item>
    <Item>
      <PriceUpdateDate>2017-02-07 07:16</PriceUpdateDate>
      <ItemCode>7290002661153</ItemCode>
      <ItemType>1</ItemType>
      <ItemName>לחם דני קל 1 ק"ג</ItemName>
      <ManufacturerName>י.את.א.ברמן בע"\מ</ManufacturerName>
      <ManufactureCountry>IL</ManufactureCountry>
      <ManufacturerItemDescription>לחם דני קל</ManufacturerItemDescription>
      <UnitQty>גרמים</UnitQty>
      <Quantity>1000.00</Quantity>
      <bIsWeighted>0</bIsWeighted>
      <UnitOfMeasure>100 גרם</UnitOfMeasure>
      <QtyInPackage>0</QtyInPackage>
      <ItemPrice>18.50</ItemPrice>
      <UnitOfMeasurePrice>1.85</UnitOfMeasurePrice>
      <AllowDiscount>1</AllowDiscount>
      <ItemStatus>1</ItemStatus>
    </Item>
    <Item>
      <PriceUpdateDate>2020-05-01 05:36</PriceUpdateDate>
      <ItemCode>7290002661245</ItemCode>
      <ItemType>1</ItemType>
      <ItemName>לחם קסטן אנגלי 1 ק"ג</ItemName>
      <ManufacturerName>י.את.א.ברמן בע"\מ</ManufacturerName>
      <ManufactureCountry>IL</ManufactureCountry>
      <ManufacturerItemDescription>לחם קסטן אנגלי</ManufacturerItemDescription>
      <UnitQty>קילוגרמים</UnitQty>
      <Quantity>1.00</Quantity>
      <bIsWeighted>0</bIsWeighted>
      <UnitOfMeasure>ק"ג</UnitOfMeasure>
      <QtyInPackage>1</QtyInPackage>
      <ItemPrice>17.70</ItemPrice>
      <UnitOfMeasurePrice>17.70</UnitOfMeasurePrice>
      <AllowDiscount>1</AllowDiscount>
      <ItemStatus>1</ItemStatus>
    </Item>
    <Item>
      <PriceUpdateDate>2019-08-13 08:20</PriceUpdateDate>
      <ItemCode>7290002663522</ItemCode>
      <ItemType>1</ItemType>
      <ItemName>תפוזינה משקה קל תפוז1.5ל</ItemName>
      <ManufacturerName>יפאורה תבורי בע"\מ</ManufacturerName>
      <ManufactureCountry>IL</ManufactureCountry>
      <ManufacturerItemDescription>תפוזינה תפוזים</ManufacturerItemDescription>
      <UnitQty>ליטרים</UnitQty>
      <Quantity>1.50</Quantity>
      <bIsWeighted>0</bIsWeighted>
      <UnitOfMeasure>ליטר</UnitOfMeasure>
      <QtyInPackage>0</QtyInPackage>
      <ItemPrice>6.90</ItemPrice>
      <UnitOfMeasurePrice>4.60</UnitOfMeasurePrice>
      <AllowDiscount>1</AllowDiscount>
      <ItemStatus>1</ItemStatus>
    </Item>
    <Item>
      <PriceUpdateDate>2019-08-13 08:20</PriceUpdateDate>
      <ItemCode>7290002663539</ItemCode>
      <ItemType>1</ItemType>
      <ItemName>תפוזינה אשכוליות 1.5ליטר</ItemName>
      <ManufacturerName>יפאורה תבורי בע"\מ</ManufacturerName>
      <ManufactureCountry>IL</ManufactureCountry>
      <ManufacturerItemDescription>תפוזינה אשכוליות</ManufacturerItemDescription>
      <UnitQty>ליטרים</UnitQty>
      <Quantity>1.50</Quantity>
      <bIsWeighted>0</bIsWeighted>
      <UnitOfMeasure>ליטר</UnitOfMeasure>
      <QtyInPackage>0</QtyInPackage>
      <ItemPrice>6.90</ItemPrice>
      <UnitOfMeasurePrice>4.60</UnitOfMeasurePrice>
      <AllowDiscount>1</AllowDiscount>
      <ItemStatus>1</ItemStatus>
    </Item>
    <Item>
      <PriceUpdateDate>2018-01-30 11:39</PriceUpdateDate>
      <ItemCode>7290002692393</ItemCode>
      <ItemType>1</ItemType>
      <ItemName>שמן קנולה מועשר 1 ליטר</ItemName>
      <ManufacturerName>שמן תעשיות בעמ</ManufacturerName>
      <ManufactureCountry>IL</ManufactureCountry>
      <ManufacturerItemDescription>שמן קנולה מועשר</ManufacturerItemDescription>
      <UnitQty>ליטרים</UnitQty>
      <Quantity>1.00</Quantity>
      <bIsWeighted>0</bIsWeighted>
      <UnitOfMeasure>ליטר</UnitOfMeasure>
      <QtyInPackage>0</QtyInPackage>
      <ItemPrice>14.80</ItemPrice>
      <UnitOfMeasurePrice>14.80</UnitOfMeasurePrice>
      <AllowDiscount>1</AllowDiscount>
      <ItemStatus>1</ItemStatus>
    </Item>
    <Item>
      <PriceUpdateDate>2014-08-19 06:36</PriceUpdateDate>
      <ItemCode>7290002715504</ItemCode>
      <ItemType>1</ItemType>
      <ItemName>מג'יק נודלס</ItemName>
      <ManufacturerName />
      <ManufactureCountry>SG</ManufactureCountry>
      <ManufacturerItemDescription>מג'יק נודלס</ManufacturerItemDescription>
      <UnitQty>גרמים</UnitQty>
      <Quantity>70.00</Quantity>
      <bIsWeighted>0</bIsWeighted>
      <UnitOfMeasure>100 גרם</UnitOfMeasure>
      <QtyInPackage>0</QtyInPackage>
      <ItemPrice>4.60</ItemPrice>
      <UnitOfMeasurePrice>6.57</UnitOfMeasurePrice>
      <AllowDiscount>1</AllowDiscount>
      <ItemStatus>1</ItemStatus>
    </Item>
    <Item>
      <PriceUpdateDate>2014-08-19 06:36</PriceUpdateDate>
      <ItemCode>7290002715511</ItemCode>
      <ItemType>1</ItemType>
      <ItemName>מג'יק אטריות</ItemName>
      <ManufacturerName />
      <ManufactureCountry>SG</ManufactureCountry>
      <ManufacturerItemDescription>מג'יק אטריות</ManufacturerItemDescription>
      <UnitQty>גרמים</UnitQty>
      <Quantity>70.00</Quantity>
      <bIsWeighted>0</bIsWeighted>
      <UnitOfMeasure>100 גרם</UnitOfMeasure>
      <QtyInPackage>0</QtyInPackage>
      <ItemPrice>4.60</ItemPrice>
      <UnitOfMeasurePrice>6.57</UnitOfMeasurePrice>
      <AllowDiscount>1</AllowDiscount>
      <ItemStatus>1</ItemStatus>
    </Item>
    <Item>
      <PriceUpdateDate>2014-08-19 06:36</PriceUpdateDate>
      <ItemCode>7290002715528</ItemCode>
      <ItemType>1</ItemType>
      <ItemName>מג'יק אטריות</ItemName>
      <ManufacturerName />
      <ManufactureCountry>SG</ManufactureCountry>
      <ManufacturerItemDescription>מג'יק אטריות</ManufacturerItemDescription>
      <UnitQty>גרמים</UnitQty>
      <Quantity>70.00</Quantity>
      <bIsWeighted>0</bIsWeighted>
      <UnitOfMeasure>100 גרם</UnitOfMeasure>
      <QtyInPackage>0</QtyInPackage>
      <ItemPrice>4.60</ItemPrice>
      <UnitOfMeasurePrice>6.57</UnitOfMeasurePrice>
      <AllowDiscount>1</AllowDiscount>
      <ItemStatus>1</ItemStatus>
    </Item>
    <Item>
      <PriceUpdateDate>2014-08-19 06:36</PriceUpdateDate>
      <ItemCode>7290002715580</ItemCode>
      <ItemType>1</ItemType>
      <ItemName>מג'יק נודלס</ItemName>
      <ManufacturerName />
      <ManufactureCountry>SG</ManufactureCountry>
      <ManufacturerItemDescription>מג'יק נודלס</ManufacturerItemDescription>
      <UnitQty>גרמים</UnitQty>
      <Quantity>70.00</Quantity>
      <bIsWeighted>0</bIsWeighted>
      <UnitOfMeasure>100 גרם</UnitOfMeasure>
      <QtyInPackage>0</QtyInPackage>
      <ItemPrice>4.60</ItemPrice>
      <UnitOfMeasurePrice>6.57</UnitOfMeasurePrice>
      <AllowDiscount>1</AllowDiscount>
      <ItemStatus>1</ItemStatus>
    </Item>
    <Item>
      <PriceUpdateDate>2018-03-13 08:49</PriceUpdateDate>
      <ItemCode>7290002730675</ItemCode>
      <ItemType>1</ItemType>
      <ItemName>משחת קולגייט אדום 100מ"ל</ItemName>
      <ManufacturerName>קולגייט פלמוליב</ManufacturerName>
      <ManufactureCountry>BE</ManufactureCountry>
      <ManufacturerItemDescription>משחת שיניים</ManufacturerItemDescription>
      <UnitQty>מיליליטרים</UnitQty>
      <Quantity>100.00</Quantity>
      <bIsWeighted>0</bIsWeighted>
      <UnitOfMeasure>100 מ"ל</UnitOfMeasure>
      <QtyInPackage>0</QtyInPackage>
      <ItemPrice>9.90</ItemPrice>
      <UnitOfMeasurePrice>9.90</UnitOfMeasurePrice>
      <AllowDiscount>1</AllowDiscount>
      <ItemStatus>1</ItemStatus>
    </Item>
    <Item>
      <PriceUpdateDate>2015-09-30 08:02</PriceUpdateDate>
      <ItemCode>7290002730958</ItemCode>
      <ItemType>1</ItemType>
      <ItemName>סב.פלמוליב ירוק 90*4 גרם</ItemName>
      <ManufacturerName>ש. שסטוביץ בע"\מ</ManufacturerName>
      <ManufactureCountry>TR</ManufactureCountry>
      <ManufacturerItemDescription>סבון פלמוליב 4יח</ManufacturerItemDescription>
      <UnitQty>גרמים</UnitQty>
      <Quantity>360.00</Quantity>
      <bIsWeighted>0</bIsWeighted>
      <UnitOfMeasure>100 גרם</UnitOfMeasure>
      <QtyInPackage>0</QtyInPackage>
      <ItemPrice>17.80</ItemPrice>
      <UnitOfMeasurePrice>4.94</UnitOfMeasurePrice>
      <AllowDiscount>1</AllowDiscount>
      <ItemStatus>1</ItemStatus>
    </Item>
    <Item>
      <PriceUpdateDate>2017-02-07 07:16</PriceUpdateDate>
      <ItemCode>7290002752332</ItemCode>
      <ItemType>1</ItemType>
      <ItemName>סוכ.מנטוס טעם פירות37.5ג</ItemName>
      <ManufacturerName>מנטוס</ManufacturerName>
      <ManufactureCountry>NL</ManufactureCountry>
      <ManufacturerItemDescription>סוכריות מנטוס</ManufacturerItemDescription>
      <UnitQty>גרמים</UnitQty>
      <Quantity>37.00</Quantity>
      <bIsWeighted>0</bIsWeighted>
      <UnitOfMeasure>100 גרם</UnitOfMeasure>
      <QtyInPackage>0</QtyInPackage>
      <ItemPrice>4.00</ItemPrice>
      <UnitOfMeasurePrice>10.81</UnitOfMeasurePrice>
      <AllowDiscount>1</AllowDiscount>
      <ItemStatus>1</ItemStatus>
    </Item>
    <Item>
      <PriceUpdateDate>2020-06-08 08:30</PriceUpdateDate>
      <ItemCode>7290002759409</ItemCode>
      <ItemType>1</ItemType>
      <ItemName>מיני סופגניות מצופות 8יח</ItemName>
      <ManufacturerName>גידרון</ManufacturerName>
      <ManufactureCountry>IL</ManufactureCountry>
      <ManufacturerItemDescription>סופג.מיני מצופה8</ManufacturerItemDescription>
      <UnitQty>יחידה</UnitQty>
      <Quantity>1.00</Quantity>
      <bIsWeighted>0</bIsWeighted>
      <UnitOfMeasure>יחידה</UnitOfMeasure>
      <QtyInPackage>0</QtyInPackage>
      <ItemPrice>32.00</ItemPrice>
      <UnitOfMeasurePrice>32.00</UnitOfMeasurePrice>
      <AllowDiscount>1</AllowDiscount>
      <ItemStatus>1</ItemStatus>
    </Item>
    <Item>
      <PriceUpdateDate>2015-09-30 08:05</PriceUpdateDate>
      <ItemCode>7290002771111</ItemCode>
      <ItemType>1</ItemType>
      <ItemName>קפה אל נח'לה עם הל250גרם</ItemName>
      <ManufacturerName>קפה אל נח'לה</ManufacturerName>
      <ManufactureCountry>IL</ManufactureCountry>
      <ManufacturerItemDescription>קפה עם הל</ManufacturerItemDescription>
      <UnitQty>גרמים</UnitQty>
      <Quantity>250.00</Quantity>
      <bIsWeighted>0</bIsWeighted>
      <UnitOfMeasure>100 גרם</UnitOfMeasure>
      <QtyInPackage>0</QtyInPackage>
      <ItemPrice>18.50</ItemPrice>
      <UnitOfMeasurePrice>7.40</UnitOfMeasurePrice>
      <AllowDiscount>1</AllowDiscount>
      <ItemStatus>1</ItemStatus>
    </Item>
    <Item>
      <PriceUpdateDate>2020-05-04 08:23</PriceUpdateDate>
      <ItemCode>7290002804819</ItemCode>
      <ItemType>1</ItemType>
      <ItemName>שניצל עוף קפוא דליקטסו ק</ItemName>
      <ManufacturerName>עוף הבירה</ManufacturerName>
      <ManufactureCountry>IL</ManufactureCountry>
      <ManufacturerItemDescription>שניצל עוף קפוא</ManufacturerItemDescription>
      <UnitQty>קילוגרמים</UnitQty>
      <Quantity>0.00</Quantity>
      <bIsWeighted>1</bIsWeighted>
      <UnitOfMeasure>ק"ג</UnitOfMeasure>
      <QtyInPackage>0</QtyInPackage>
      <ItemPrice>37.90</ItemPrice>
      <UnitOfMeasurePrice>37.90</UnitOfMeasurePrice>
      <AllowDiscount>1</AllowDiscount>
      <ItemStatus>1</ItemStatus>
    </Item>
    <Item>
      <PriceUpdateDate>2019-08-07 11:59</PriceUpdateDate>
      <ItemCode>7290002812522</ItemCode>
      <ItemType>1</ItemType>
      <ItemName>פרלמנט ארוך חפ</ItemName>
      <ManufacturerName>פיליפ מוריס</ManufacturerName>
      <ManufactureCountry />
      <ManufacturerItemDescription>פרלמנט ארוך</ManufacturerItemDescription>
      <UnitQty>יחידה</UnitQty>
      <Quantity>1.00</Quantity>
      <bIsWeighted>0</bIsWeighted>
      <UnitOfMeasure>יחידה</UnitOfMeasure>
      <QtyInPackage>0</QtyInPackage>
      <ItemPrice>38.90</ItemPrice>
      <UnitOfMeasurePrice>38.90</UnitOfMeasurePrice>
      <AllowDiscount>0</AllowDiscount>
      <ItemStatus>1</ItemStatus>
    </Item>
    <Item>
      <PriceUpdateDate>2017-03-10 07:30</PriceUpdateDate>
      <ItemCode>7290002814160</ItemCode>
      <ItemType>1</ItemType>
      <ItemName>מסיר שומנים סנט מוריץ 1ל</ItemName>
      <ManufacturerName>קומפלקס כימיקלים</ManufacturerName>
      <ManufactureCountry>IL</ManufactureCountry>
      <ManufacturerItemDescription>מסיר שומנים</ManufacturerItemDescription>
      <UnitQty>ליטרים</UnitQty>
      <Quantity>1.00</Quantity>
      <bIsWeighted>0</bIsWeighted>
      <UnitOfMeasure>ליטר</UnitOfMeasure>
      <QtyInPackage>1</QtyInPackage>
      <ItemPrice>18.90</ItemPrice>
      <UnitOfMeasurePrice>18.90</UnitOfMeasurePrice>
      <AllowDiscount>1</AllowDiscount>
      <ItemStatus>1</ItemStatus>
    </Item>
    <Item>
      <PriceUpdateDate>2019-08-07 11:59</PriceUpdateDate>
      <ItemCode>7290002814928</ItemCode>
      <ItemType>1</ItemType>
      <ItemName>פרלמנט קצר חפ</ItemName>
      <ManufacturerName>פיליפ מוריס</ManufacturerName>
      <ManufactureCountry>IL</ManufactureCountry>
      <ManufacturerItemDescription>פרלמנט קצר</ManufacturerItemDescription>
      <UnitQty>יחידה</UnitQty>
      <Quantity>1.00</Quantity>
      <bIsWeighted>0</bIsWeighted>
      <UnitOfMeasure>יחידה</UnitOfMeasure>
      <QtyInPackage>0</QtyInPackage>
      <ItemPrice>38.90</ItemPrice>
      <UnitOfMeasurePrice>38.90</UnitOfMeasurePrice>
      <AllowDiscount>0</AllowDiscount>
      <ItemStatus>1</ItemStatus>
    </Item>
    <Item>
      <PriceUpdateDate>2013-12-22 10:38</PriceUpdateDate>
      <ItemCode>7290002824466</ItemCode>
      <ItemType>1</ItemType>
      <ItemName>יוגורט ביו 0% דנונה 200ג</ItemName>
      <ManufacturerName>שטראוס בריאות בע"\מ</ManufacturerName>
      <ManufactureCountry>IL</ManufactureCountry>
      <ManufacturerItemDescription>יוגורט ביו 0%</ManufacturerItemDescription>
      <UnitQty>גרמים</UnitQty>
      <Quantity>200.00</Quantity>
      <bIsWeighted>0</bIsWeighted>
      <UnitOfMeasure>100 גרם</UnitOfMeasure>
      <QtyInPackage>0</QtyInPackage>
      <ItemPrice>3.70</ItemPrice>
      <UnitOfMeasurePrice>1.85</UnitOfMeasurePrice>
      <AllowDiscount>1</AllowDiscount>
      <ItemStatus>1</ItemStatus>
    </Item>
    <Item>
      <PriceUpdateDate>2019-06-19 08:00</PriceUpdateDate>
      <ItemCode>7290002824640</ItemCode>
      <ItemType>1</ItemType>
      <ItemName>גב.סקי5%לבנה מעודנת250ג</ItemName>
      <ManufacturerName>שטראוס בריאות בע"\מ</ManufacturerName>
      <ManufactureCountry>IL</ManufactureCountry>
      <ManufacturerItemDescription>גבינת סקי 5%</ManufacturerItemDescription>
      <UnitQty>גרמים</UnitQty>
      <Quantity>250.00</Quantity>
      <bIsWeighted>0</bIsWeighted>
      <UnitOfMeasure>100 גרם</UnitOfMeasure>
      <QtyInPackage>0</QtyInPackage>
      <ItemPrice>4.75</ItemPrice>
      <UnitOfMeasurePrice>1.90</UnitOfMeasurePrice>
      <AllowDiscount>1</AllowDiscount>
      <ItemStatus>1</ItemStatus>
    </Item>
    <Item>
      <PriceUpdateDate>2019-07-29 10:31</PriceUpdateDate>
      <ItemCode>7290002833525</ItemCode>
      <ItemType>1</ItemType>
      <ItemName>מרלבורו רד קצר בוקס חפ</ItemName>
      <ManufacturerName>פיליפ מוריס</ManufacturerName>
      <ManufactureCountry />
      <ManufacturerItemDescription>מרלבורו רד קצר</ManufacturerItemDescription>
      <UnitQty>יחידה</UnitQty>
      <Quantity>1.00</Quantity>
      <bIsWeighted>0</bIsWeighted>
      <UnitOfMeasure>יחידה</UnitOfMeasure>
      <QtyInPackage>0</QtyInPackage>
      <ItemPrice>33.50</ItemPrice>
      <UnitOfMeasurePrice>33.50</UnitOfMeasurePrice>
      <AllowDiscount>0</AllowDiscount>
      <ItemStatus>1</ItemStatus>
    </Item>
    <Item>
      <PriceUpdateDate>2019-08-07 11:59</PriceUpdateDate>
      <ItemCode>7290002833923</ItemCode>
      <ItemType>1</ItemType>
      <ItemName>פרלמנט סילבר חפ</ItemName>
      <ManufacturerName>פיליפ מוריס</ManufacturerName>
      <ManufactureCountry>US</ManufactureCountry>
      <ManufacturerItemDescription>פרלמנט סילבר</ManufacturerItemDescription>
      <UnitQty>יחידה</UnitQty>
      <Quantity>1.00</Quantity>
      <bIsWeighted>0</bIsWeighted>
      <UnitOfMeasure>יחידה</UnitOfMeasure>
      <QtyInPackage>0</QtyInPackage>
      <ItemPrice>38.90</ItemPrice>
      <UnitOfMeasurePrice>38.90</UnitOfMeasurePrice>
      <AllowDiscount>0</AllowDiscount>
      <ItemStatus>1</ItemStatus>
    </Item>
    <Item>
      <PriceUpdateDate>2016-02-29 07:55</PriceUpdateDate>
      <ItemCode>7290002868996</ItemCode>
      <ItemType>1</ItemType>
      <ItemName>קוטג' 5% רכיבים טבעי250ג</ItemName>
      <ManufacturerName>טרה</ManufacturerName>
      <ManufactureCountry>IL</ManufactureCountry>
      <ManufacturerItemDescription>קוטג' 5% 250גרם</ManufacturerItemDescription>
      <UnitQty>גרמים</UnitQty>
      <Quantity>250.00</Quantity>
      <bIsWeighted>0</bIsWeighted>
      <UnitOfMeasure>100 גרם</UnitOfMeasure>
      <QtyInPackage>0</QtyInPackage>
      <ItemPrice>5.50</ItemPrice>
      <UnitOfMeasurePrice>2.20</UnitOfMeasurePrice>
      <AllowDiscount>1</AllowDiscount>
      <ItemStatus>1</ItemStatus>
    </Item>
    <Item>
      <PriceUpdateDate>2018-12-25 10:15</PriceUpdateDate>
      <ItemCode>7290002871248</ItemCode>
      <ItemType>1</ItemType>
      <ItemName>טובורג רד בק.חוזר 500מ"ל</ItemName>
      <ManufacturerName>מבשלות בירה בינלאומיות ב</ManufacturerName>
      <ManufactureCountry>IL</ManufactureCountry>
      <ManufacturerItemDescription>בירה טובורג רד</ManufacturerItemDescription>
      <UnitQty>מיליליטרים</UnitQty>
      <Quantity>500.00</Quantity>
      <bIsWeighted>0</bIsWeighted>
      <UnitOfMeasure>100 מ"ל</UnitOfMeasure>
      <QtyInPackage>0</QtyInPackage>
      <ItemPrice>9.50</ItemPrice>
      <UnitOfMeasurePrice>1.90</UnitOfMeasurePrice>
      <AllowDiscount>1</AllowDiscount>
      <ItemStatus>1</ItemStatus>
    </Item>
    <Item>
      <PriceUpdateDate>2018-12-25 10:15</PriceUpdateDate>
      <ItemCode>7290002871361</ItemCode>
      <ItemType>1</ItemType>
      <ItemName>בירה קרלסברג בק.חוזר500מ</ItemName>
      <ManufacturerName>מבשלות בירה בינלאומיות ב</ManufacturerName>
      <ManufactureCountry>IL</ManufactureCountry>
      <ManufacturerItemDescription>בירה קרלסברג</ManufacturerItemDescription>
      <UnitQty>מיליליטרים</UnitQty>
      <Quantity>500.00</Quantity>
      <bIsWeighted>0</bIsWeighted>
      <UnitOfMeasure>100 מ"ל</UnitOfMeasure>
      <QtyInPackage>0</QtyInPackage>
      <ItemPrice>9.60</ItemPrice>
      <UnitOfMeasurePrice>1.92</UnitOfMeasurePrice>
      <AllowDiscount>1</AllowDiscount>
      <ItemStatus>1</ItemStatus>
    </Item>
    <Item>
      <PriceUpdateDate>2018-11-29 10:11</PriceUpdateDate>
      <ItemCode>7290002871446</ItemCode>
      <ItemType>1</ItemType>
      <ItemName>פריגת ענבים 1.5 ליטר</ItemName>
      <ManufacturerName>מבשלות בירה בינלאומיות ב</ManufacturerName>
      <ManufactureCountry>IL</ManufactureCountry>
      <ManufacturerItemDescription>פריגת ענבים</ManufacturerItemDescription>
      <UnitQty>ליטרים</UnitQty>
      <Quantity>1.50</Quantity>
      <bIsWeighted>0</bIsWeighted>
      <UnitOfMeasure>ליטר</UnitOfMeasure>
      <QtyInPackage>0</QtyInPackage>
      <ItemPrice>7.80</ItemPrice>
      <UnitOfMeasurePrice>5.20</UnitOfMeasurePrice>
      <AllowDiscount>1</AllowDiscount>
      <ItemStatus>1</ItemStatus>
    </Item>
    <Item>
      <PriceUpdateDate>2018-11-29 10:11</PriceUpdateDate>
      <ItemCode>7290002871460</ItemCode>
      <ItemType>1</ItemType>
      <ItemName>פריגת תפוזים 1.5 ליטר</ItemName>
      <ManufacturerName>מבשלות בירה בינלאומיות ב</ManufacturerName>
      <ManufactureCountry>IL</ManufactureCountry>
      <ManufacturerItemDescription>פריגת תפוזים</ManufacturerItemDescription>
      <UnitQty>ליטרים</UnitQty>
      <Quantity>1.50</Quantity>
      <bIsWeighted>0</bIsWeighted>
      <UnitOfMeasure>ליטר</UnitOfMeasure>
      <QtyInPackage>0</QtyInPackage>
      <ItemPrice>7.80</ItemPrice>
      <UnitOfMeasurePrice>5.20</UnitOfMeasurePrice>
      <AllowDiscount>1</AllowDiscount>
      <ItemStatus>1</ItemStatus>
    </Item>
    <Item>
      <PriceUpdateDate>2018-11-29 10:11</PriceUpdateDate>
      <ItemCode>7290002871477</ItemCode>
      <ItemType>1</ItemType>
      <ItemName>פריגת אשכוליות 1.5 ליטר</ItemName>
      <ManufacturerName>מבשלות בירה בינלאומיות ב</ManufacturerName>
      <ManufactureCountry>IL</ManufactureCountry>
      <ManufacturerItemDescription>פריגת אשכוליות</ManufacturerItemDescription>
      <UnitQty>ליטרים</UnitQty>
      <Quantity>1.50</Quantity>
      <bIsWeighted>0</bIsWeighted>
      <UnitOfMeasure>ליטר</UnitOfMeasure>
      <QtyInPackage>0</QtyInPackage>
      <ItemPrice>7.80</ItemPrice>
      <UnitOfMeasurePrice>5.20</UnitOfMeasurePrice>
      <AllowDiscount>1</AllowDiscount>
      <ItemStatus>1</ItemStatus>
    </Item>
    <Item>
      <PriceUpdateDate>2018-11-29 10:11</PriceUpdateDate>
      <ItemCode>7290002871484</ItemCode>
      <ItemType>1</ItemType>
      <ItemName>פריגת  תפוזים לייט 1.5 ל</ItemName>
      <ManufacturerName>מבשלות בירה בינלאומיות ב</ManufacturerName>
      <ManufactureCountry>IL</ManufactureCountry>
      <ManufacturerItemDescription>פריגת תפוזים</ManufacturerItemDescription>
      <UnitQty>ליטרים</UnitQty>
      <Quantity>1.50</Quantity>
      <bIsWeighted>0</bIsWeighted>
      <UnitOfMeasure>ליטר</UnitOfMeasure>
      <QtyInPackage>0</QtyInPackage>
      <ItemPrice>7.80</ItemPrice>
      <UnitOfMeasurePrice>5.20</UnitOfMeasurePrice>
      <AllowDiscount>1</AllowDiscount>
      <ItemStatus>1</ItemStatus>
    </Item>
    <Item>
      <PriceUpdateDate>2018-11-29 10:11</PriceUpdateDate>
      <ItemCode>7290002871491</ItemCode>
      <ItemType>1</ItemType>
      <ItemName>פריגת אשכוליות לייט 1.5</ItemName>
      <ManufacturerName>מבשלות בירה בינלאומיות ב</ManufacturerName>
      <ManufactureCountry>IL</ManufactureCountry>
      <ManufacturerItemDescription>פריגת  אשכוליות</ManufacturerItemDescription>
      <UnitQty>ליטרים</UnitQty>
      <Quantity>1.50</Quantity>
      <bIsWeighted>0</bIsWeighted>
      <UnitOfMeasure>ליטר</UnitOfMeasure>
      <QtyInPackage>0</QtyInPackage>
      <ItemPrice>7.80</ItemPrice>
      <UnitOfMeasurePrice>5.20</UnitOfMeasurePrice>
      <AllowDiscount>1</AllowDiscount>
      <ItemStatus>1</ItemStatus>
    </Item>
    <Item>
      <PriceUpdateDate>2019-08-07 11:59</PriceUpdateDate>
      <ItemCode>7290002874629</ItemCode>
      <ItemType>1</ItemType>
      <ItemName>פרלמנט בלו ארוך חפ</ItemName>
      <ManufacturerName>פיליפ מוריס</ManufacturerName>
      <ManufactureCountry />
      <ManufacturerItemDescription>פרלמנט בלו ארוך</ManufacturerItemDescription>
      <UnitQty>יחידה</UnitQty>
      <Quantity>1.00</Quantity>
      <bIsWeighted>0</bIsWeighted>
      <UnitOfMeasure>יחידה</UnitOfMeasure>
      <QtyInPackage>0</QtyInPackage>
      <ItemPrice>38.90</ItemPrice>
      <UnitOfMeasurePrice>38.90</UnitOfMeasurePrice>
      <AllowDiscount>0</AllowDiscount>
      <ItemStatus>1</ItemStatus>
    </Item>
    <Item>
      <PriceUpdateDate>2019-08-07 11:59</PriceUpdateDate>
      <ItemCode>7290002876326</ItemCode>
      <ItemType>1</ItemType>
      <ItemName>פרלמנט בלו קצר חפ</ItemName>
      <ManufacturerName>פיליפ מוריס</ManufacturerName>
      <ManufactureCountry>IL</ManufactureCountry>
      <ManufacturerItemDescription>פרלמנט בלו קצר</ManufacturerItemDescription>
      <UnitQty>יחידה</UnitQty>
      <Quantity>1.00</Quantity>
      <bIsWeighted>0</bIsWeighted>
      <UnitOfMeasure>יחידה</UnitOfMeasure>
      <QtyInPackage>0</QtyInPackage>
      <ItemPrice>38.90</ItemPrice>
      <UnitOfMeasurePrice>38.90</UnitOfMeasurePrice>
      <AllowDiscount>0</AllowDiscount>
      <ItemStatus>1</ItemStatus>
    </Item>
    <Item>
      <PriceUpdateDate>2015-09-30 08:05</PriceUpdateDate>
      <ItemCode>7290002881216</ItemCode>
      <ItemType>1</ItemType>
      <ItemName>רסק תפו"ע דיאט צנצנת720ג</ItemName>
      <ManufacturerName>KONSERVENFABRI BALTUSSEN</ManufacturerName>
      <ManufactureCountry>NL</ManufactureCountry>
      <ManufacturerItemDescription>רסק תפו"ע דיאט</ManufacturerItemDescription>
      <UnitQty>גרמים</UnitQty>
      <Quantity>720.00</Quantity>
      <bIsWeighted>0</bIsWeighted>
      <UnitOfMeasure>100 גרם</UnitOfMeasure>
      <QtyInPackage>0</QtyInPackage>
      <ItemPrice>10.40</ItemPrice>
      <UnitOfMeasurePrice>1.44</UnitOfMeasurePrice>
      <AllowDiscount>1</AllowDiscount>
      <ItemStatus>1</ItemStatus>
    </Item>
    <Item>
      <PriceUpdateDate>2019-07-29 10:31</PriceUpdateDate>
      <ItemCode>7290002881920</ItemCode>
      <ItemType>1</ItemType>
      <ItemName>מרלבורו גולד ארוך בוקס ח</ItemName>
      <ManufacturerName>פיליפ מוריס</ManufacturerName>
      <ManufactureCountry>IL</ManufactureCountry>
      <ManufacturerItemDescription>מרלבורו גולד אר'</ManufacturerItemDescription>
      <UnitQty>יחידה</UnitQty>
      <Quantity>1.00</Quantity>
      <bIsWeighted>0</bIsWeighted>
      <UnitOfMeasure>יחידה</UnitOfMeasure>
      <QtyInPackage>0</QtyInPackage>
      <ItemPrice>33.50</ItemPrice>
      <UnitOfMeasurePrice>33.50</UnitOfMeasurePrice>
      <AllowDiscount>0</AllowDiscount>
      <ItemStatus>1</ItemStatus>
    </Item>
    <Item>
      <PriceUpdateDate>2019-07-29 10:31</PriceUpdateDate>
      <ItemCode>7290002886925</ItemCode>
      <ItemType>1</ItemType>
      <ItemName>מרלבורו גולד חפ</ItemName>
      <ManufacturerName>פיליפ מוריס</ManufacturerName>
      <ManufactureCountry>US</ManufactureCountry>
      <ManufacturerItemDescription>מרלבורו גולד קצר</ManufacturerItemDescription>
      <UnitQty>יחידה</UnitQty>
      <Quantity>1.00</Quantity>
      <bIsWeighted>0</bIsWeighted>
      <UnitOfMeasure>יחידה</UnitOfMeasure>
      <QtyInPackage>0</QtyInPackage>
      <ItemPrice>33.50</ItemPrice>
      <UnitOfMeasurePrice>33.50</UnitOfMeasurePrice>
      <AllowDiscount>0</AllowDiscount>
      <ItemStatus>1</ItemStatus>
    </Item>
    <Item>
      <PriceUpdateDate>2020-08-04 16:29</PriceUpdateDate>
      <ItemCode>7290002904694</ItemCode>
      <ItemType>1</ItemType>
      <ItemName>דאו.טיטניום תרסיס 180 מל</ItemName>
      <ManufacturerName>אמיליה קוסמטיקס בעמ</ManufacturerName>
      <ManufactureCountry>IL</ManufactureCountry>
      <ManufacturerItemDescription>דאודורנט טיטניום</ManufacturerItemDescription>
      <UnitQty>מיליליטרים</UnitQty>
      <Quantity>180.00</Quantity>
      <bIsWeighted>0</bIsWeighted>
      <UnitOfMeasure>100 מ"ל</UnitOfMeasure>
      <QtyInPackage>0</QtyInPackage>
      <ItemPrice>16.90</ItemPrice>
      <UnitOfMeasurePrice>9.39</UnitOfMeasurePrice>
      <AllowDiscount>1</AllowDiscount>
      <ItemStatus>1</ItemStatus>
    </Item>
    <Item>
      <PriceUpdateDate>2015-09-30 08:00</PriceUpdateDate>
      <ItemCode>7290002923466</ItemCode>
      <ItemType>1</ItemType>
      <ItemName>בקר טחון קפוא 1קג</ItemName>
      <ManufacturerName>טיבון ויל אחזקות בעמ</ManufacturerName>
      <ManufactureCountry>IL</ManufactureCountry>
      <ManufacturerItemDescription>בקר טחון קפוא</ManufacturerItemDescription>
      <UnitQty>גרמים</UnitQty>
      <Quantity>1000.00</Quantity>
      <bIsWeighted>0</bIsWeighted>
      <UnitOfMeasure>100 גרם</UnitOfMeasure>
      <QtyInPackage>0</QtyInPackage>
      <ItemPrice>42.50</ItemPrice>
      <UnitOfMeasurePrice>4.25</UnitOfMeasurePrice>
      <AllowDiscount>1</AllowDiscount>
      <ItemStatus>1</ItemStatus>
    </Item>
    <Item>
      <PriceUpdateDate>2019-12-31 12:23</PriceUpdateDate>
      <ItemCode>7290002958208</ItemCode>
      <ItemType>1</ItemType>
      <ItemName>רויאל כחול</ItemName>
      <ManufacturerName />
      <ManufactureCountry>IL</ManufactureCountry>
      <ManufacturerItemDescription>רויאל כחול</ManufacturerItemDescription>
      <UnitQty>יחידה</UnitQty>
      <Quantity>1.00</Quantity>
      <bIsWeighted>0</bIsWeighted>
      <UnitOfMeasure>יחידה</UnitOfMeasure>
      <QtyInPackage>0</QtyInPackage>
      <ItemPrice>229.00</ItemPrice>
      <UnitOfMeasurePrice>229.00</UnitOfMeasurePrice>
      <AllowDiscount>0</AllowDiscount>
      <ItemStatus>1</ItemStatus>
    </Item>
    <Item>
      <PriceUpdateDate>2018-11-29 10:11</PriceUpdateDate>
      <ItemCode>7290003009183</ItemCode>
      <ItemType>1</ItemType>
      <ItemName>סירופ תפוחים דיאט 750מ"ל</ItemName>
      <ManufacturerName>גת</ManufacturerName>
      <ManufactureCountry>IL</ManufactureCountry>
      <ManufacturerItemDescription>סירופ תפוחים</ManufacturerItemDescription>
      <UnitQty>מיליליטרים</UnitQty>
      <Quantity>750.00</Quantity>
      <bIsWeighted>0</bIsWeighted>
      <UnitOfMeasure>100 מ"ל</UnitOfMeasure>
      <QtyInPackage>0</QtyInPackage>
      <ItemPrice>19.90</ItemPrice>
      <UnitOfMeasurePrice>2.65</UnitOfMeasurePrice>
      <AllowDiscount>1</AllowDiscount>
      <ItemStatus>1</ItemStatus>
    </Item>
    <Item>
      <PriceUpdateDate>2017-04-18 06:40</PriceUpdateDate>
      <ItemCode>7290003009640</ItemCode>
      <ItemType>1</ItemType>
      <ItemName>מיץ תפוזים סחוט 1 ליטר</ItemName>
      <ManufacturerName>---</ManufacturerName>
      <ManufactureCountry>IL</ManufactureCountry>
      <ManufacturerItemDescription>מיץ תפוזים סחוט</ManufacturerItemDescription>
      <UnitQty>ליטרים</UnitQty>
      <Quantity>1.00</Quantity>
      <bIsWeighted>0</bIsWeighted>
      <UnitOfMeasure>ליטר</UnitOfMeasure>
      <QtyInPackage>0</QtyInPackage>
      <ItemPrice>16.00</ItemPrice>
      <UnitOfMeasurePrice>16.00</UnitOfMeasurePrice>
      <AllowDiscount>1</AllowDiscount>
      <ItemStatus>1</ItemStatus>
    </Item>
    <Item>
      <PriceUpdateDate>2017-01-03 06:55</PriceUpdateDate>
      <ItemCode>7290003029181</ItemCode>
      <ItemType>1</ItemType>
      <ItemName>שוקו יטבתה בבקבוק 1 ליטר</ItemName>
      <ManufacturerName>מחלבת יטבתה</ManufacturerName>
      <ManufactureCountry>IL</ManufactureCountry>
      <ManufacturerItemDescription>שוקו יטבתה</ManufacturerItemDescription>
      <UnitQty>ליטרים</UnitQty>
      <Quantity>1.00</Quantity>
      <bIsWeighted>0</bIsWeighted>
      <UnitOfMeasure>ליטר</UnitOfMeasure>
      <QtyInPackage>0</QtyInPackage>
      <ItemPrice>12.00</ItemPrice>
      <UnitOfMeasurePrice>12.00</UnitOfMeasurePrice>
      <AllowDiscount>1</AllowDiscount>
      <ItemStatus>1</ItemStatus>
    </Item>
    <Item>
      <PriceUpdateDate>2017-01-03 06:55</PriceUpdateDate>
      <ItemCode>7290003029372</ItemCode>
      <ItemType>1</ItemType>
      <ItemName>משקה חלב בננה בקבוק 1 ל'</ItemName>
      <ManufacturerName>מחלבת יטבתה</ManufacturerName>
      <ManufactureCountry>IL</ManufactureCountry>
      <ManufacturerItemDescription>משקה חלב בננה</ManufacturerItemDescription>
      <UnitQty>ליטרים</UnitQty>
      <Quantity>1.00</Quantity>
      <bIsWeighted>0</bIsWeighted>
      <UnitOfMeasure>ליטר</UnitOfMeasure>
      <QtyInPackage>0</QtyInPackage>
      <ItemPrice>12.00</ItemPrice>
      <UnitOfMeasurePrice>12.00</UnitOfMeasurePrice>
      <AllowDiscount>1</AllowDiscount>
      <ItemStatus>1</ItemStatus>
    </Item>
    <Item>
      <PriceUpdateDate>2018-02-21 10:09</PriceUpdateDate>
      <ItemCode>7290003029389</ItemCode>
      <ItemType>1</ItemType>
      <ItemName>משקה בננה יטבתה+פקק 250מ</ItemName>
      <ManufacturerName>מחלבת יטבתה</ManufacturerName>
      <ManufactureCountry>IL</ManufactureCountry>
      <ManufacturerItemDescription>משקה בננה</ManufacturerItemDescription>
      <UnitQty>מיליליטרים</UnitQty>
      <Quantity>250.00</Quantity>
      <bIsWeighted>0</bIsWeighted>
      <UnitOfMeasure>100 מ"ל</UnitOfMeasure>
      <QtyInPackage>0</QtyInPackage>
      <ItemPrice>5.60</ItemPrice>
      <UnitOfMeasurePrice>2.24</UnitOfMeasurePrice>
      <AllowDiscount>1</AllowDiscount>
      <ItemStatus>1</ItemStatus>
    </Item>
    <Item>
      <PriceUpdateDate>2018-02-21 10:09</PriceUpdateDate>
      <ItemCode>7290003029433</ItemCode>
      <ItemType>1</ItemType>
      <ItemName>שוקו יטבתה+פקק נשלף 250מ</ItemName>
      <ManufacturerName>מחלבת יטבתה</ManufacturerName>
      <ManufactureCountry>IL</ManufactureCountry>
      <ManufacturerItemDescription>שוקו יטבתה</ManufacturerItemDescription>
      <UnitQty>מיליליטרים</UnitQty>
      <Quantity>250.00</Quantity>
      <bIsWeighted>0</bIsWeighted>
      <UnitOfMeasure>100 מ"ל</UnitOfMeasure>
      <QtyInPackage>0</QtyInPackage>
      <ItemPrice>5.60</ItemPrice>
      <UnitOfMeasurePrice>2.24</UnitOfMeasurePrice>
      <AllowDiscount>1</AllowDiscount>
      <ItemStatus>1</ItemStatus>
    </Item>
    <Item>
      <PriceUpdateDate>2017-01-03 06:55</PriceUpdateDate>
      <ItemCode>7290003029532</ItemCode>
      <ItemType>1</ItemType>
      <ItemName>מוקה יטבתה בקבוק 2% 1ל</ItemName>
      <ManufacturerName>מחלבת יטבתה</ManufacturerName>
      <ManufactureCountry>IL</ManufactureCountry>
      <ManufacturerItemDescription>מוקה יטבתה בקבוק</ManufacturerItemDescription>
      <UnitQty>ליטרים</UnitQty>
      <Quantity>1.00</Quantity>
      <bIsWeighted>0</bIsWeighted>
      <UnitOfMeasure>ליטר</UnitOfMeasure>
      <QtyInPackage>0</QtyInPackage>
      <ItemPrice>12.00</ItemPrice>
      <UnitOfMeasurePrice>12.00</UnitOfMeasurePrice>
      <AllowDiscount>1</AllowDiscount>
      <ItemStatus>1</ItemStatus>
    </Item>
    <Item>
      <PriceUpdateDate>2018-02-21 10:09</PriceUpdateDate>
      <ItemCode>7290003029792</ItemCode>
      <ItemType>1</ItemType>
      <ItemName>שוקו יטבתה מארז 225*8 מל</ItemName>
      <ManufacturerName>מחלבת יטבתה</ManufacturerName>
      <ManufactureCountry>IL</ManufactureCountry>
      <ManufacturerItemDescription>שקיות שוקו 8 יח'</ManufacturerItemDescription>
      <UnitQty>ליטרים</UnitQty>
      <Quantity>1.80</Quantity>
      <bIsWeighted>0</bIsWeighted>
      <UnitOfMeasure>ליטר</UnitOfMeasure>
      <QtyInPackage>0</QtyInPackage>
      <ItemPrice>19.90</ItemPrice>
      <UnitOfMeasurePrice>11.06</UnitOfMeasurePrice>
      <AllowDiscount>1</AllowDiscount>
      <ItemStatus>1</ItemStatus>
    </Item>
    <Item>
      <PriceUpdateDate>2017-01-03 06:55</PriceUpdateDate>
      <ItemCode>7290003029907</ItemCode>
      <ItemType>1</ItemType>
      <ItemName>אייס קפה יטבתה 2% 1ל</ItemName>
      <ManufacturerName>מחלבת יטבתה</ManufacturerName>
      <ManufactureCountry>IL</ManufactureCountry>
      <ManufacturerItemDescription>אייס קפה יטבתה</ManufacturerItemDescription>
      <UnitQty>ליטרים</UnitQty>
      <Quantity>1.00</Quantity>
      <bIsWeighted>0</bIsWeighted>
      <UnitOfMeasure>ליטר</UnitOfMeasure>
      <QtyInPackage>0</QtyInPackage>
      <ItemPrice>12.00</ItemPrice>
      <UnitOfMeasurePrice>12.00</UnitOfMeasurePrice>
      <AllowDiscount>1</AllowDiscount>
      <ItemStatus>1</ItemStatus>
    </Item>
    <Item>
      <PriceUpdateDate>2020-10-10 22:10</PriceUpdateDate>
      <ItemCode>7290003047642</ItemCode>
      <ItemType>1</ItemType>
      <ItemName>ליפטון ילו לייבל100ש1.5*</ItemName>
      <ManufacturerName>יוניליוור</ManufacturerName>
      <ManufactureCountry>RU</ManufactureCountry>
      <ManufacturerItemDescription>תה ילו לייבל</ManufacturerItemDescription>
      <UnitQty>גרמים</UnitQty>
      <Quantity>150.00</Quantity>
      <bIsWeighted>0</bIsWeighted>
      <UnitOfMeasure>100 גרם</UnitOfMeasure>
      <QtyInPackage>0</QtyInPackage>
      <ItemPrice>10.00</ItemPrice>
      <UnitOfMeasurePrice>6.66</UnitOfMeasurePrice>
      <AllowDiscount>1</AllowDiscount>
      <ItemStatus>1</ItemStatus>
    </Item>
    <Item>
      <PriceUpdateDate>2020-07-29 08:36</PriceUpdateDate>
      <ItemCode>7290003072651</ItemCode>
      <ItemType>1</ItemType>
      <ItemName>נתחוני עוף בתיבול פלפלים</ItemName>
      <ManufacturerName>טיב טירת צבי 2000</ManufacturerName>
      <ManufactureCountry>IL</ManufactureCountry>
      <ManufacturerItemDescription>נתחוני עוף פלפלי</ManufacturerItemDescription>
      <UnitQty>גרמים</UnitQty>
      <Quantity>135.00</Quantity>
      <bIsWeighted>0</bIsWeighted>
      <UnitOfMeasure>100 גרם</UnitOfMeasure>
      <QtyInPackage>1</QtyInPackage>
      <ItemPrice>16.90</ItemPrice>
      <UnitOfMeasurePrice>12.52</UnitOfMeasurePrice>
      <AllowDiscount>1</AllowDiscount>
      <ItemStatus>1</ItemStatus>
    </Item>
    <Item>
      <PriceUpdateDate>2014-07-21 07:22</PriceUpdateDate>
      <ItemCode>7290003107247</ItemCode>
      <ItemType>1</ItemType>
      <ItemName>שמרים יבשים אינסטנט33גרם</ItemName>
      <ManufacturerName>שטיבל</ManufacturerName>
      <ManufactureCountry>IL</ManufactureCountry>
      <ManufacturerItemDescription>שמרים יבשים</ManufacturerItemDescription>
      <UnitQty>גרמים</UnitQty>
      <Quantity>33.00</Quantity>
      <bIsWeighted>0</bIsWeighted>
      <UnitOfMeasure>100 גרם</UnitOfMeasure>
      <QtyInPackage>0</QtyInPackage>
      <ItemPrice>5.80</ItemPrice>
      <UnitOfMeasurePrice>17.58</UnitOfMeasurePrice>
      <AllowDiscount>1</AllowDiscount>
      <ItemStatus>1</ItemStatus>
    </Item>
    <Item>
      <PriceUpdateDate>2018-11-29 10:11</PriceUpdateDate>
      <ItemCode>7290003119110</ItemCode>
      <ItemType>1</ItemType>
      <ItemName>קוקה קולה 1.5*6 ליטר</ItemName>
      <ManufacturerName>החברה המרכזית לייצור משק</ManufacturerName>
      <ManufactureCountry>IL</ManufactureCountry>
      <ManufacturerItemDescription>קוקה קולה 1.5*6ל</ManufacturerItemDescription>
      <UnitQty>ליטרים</UnitQty>
      <Quantity>9.00</Quantity>
      <bIsWeighted>0</bIsWeighted>
      <UnitOfMeasure>ליטר</UnitOfMeasure>
      <QtyInPackage>0</QtyInPackage>
      <ItemPrice>39.90</ItemPrice>
      <UnitOfMeasurePrice>4.43</UnitOfMeasurePrice>
      <AllowDiscount>1</AllowDiscount>
      <ItemStatus>1</ItemStatus>
    </Item>
    <Item>
      <PriceUpdateDate>2018-10-16 14:18</PriceUpdateDate>
      <ItemCode>7290003126712</ItemCode>
      <ItemType>1</ItemType>
      <ItemName>יוגורט עיזים ביו 3% 150ג</ItemName>
      <ManufacturerName>משק צוריאל</ManufacturerName>
      <ManufactureCountry>IL</ManufactureCountry>
      <ManufacturerItemDescription>יוגורט ביו 3%</ManufacturerItemDescription>
      <UnitQty>גרמים</UnitQty>
      <Quantity>150.00</Quantity>
      <bIsWeighted>0</bIsWeighted>
      <UnitOfMeasure>100 גרם</UnitOfMeasure>
      <QtyInPackage>0</QtyInPackage>
      <ItemPrice>6.70</ItemPrice>
      <UnitOfMeasurePrice>4.47</UnitOfMeasurePrice>
      <AllowDiscount>1</AllowDiscount>
      <ItemStatus>1</ItemStatus>
    </Item>
    <Item>
      <PriceUpdateDate>2020-08-04 16:29</PriceUpdateDate>
      <ItemCode>7290003143276</ItemCode>
      <ItemType>1</ItemType>
      <ItemName>מרשמלו רול יוגטה 180 גרם</ItemName>
      <ManufacturerName>תות ממתקי איכות</ManufacturerName>
      <ManufactureCountry>TR</ManufactureCountry>
      <ManufacturerItemDescription>מרשמלו רול</ManufacturerItemDescription>
      <UnitQty>גרמים</UnitQty>
      <Quantity>180.00</Quantity>
      <bIsWeighted>0</bIsWeighted>
      <UnitOfMeasure>100 גרם</UnitOfMeasure>
      <QtyInPackage>0</QtyInPackage>
      <ItemPrice>7.90</ItemPrice>
      <UnitOfMeasurePrice>4.39</UnitOfMeasurePrice>
      <AllowDiscount>1</AllowDiscount>
      <ItemStatus>1</ItemStatus>
    </Item>
    <Item>
      <PriceUpdateDate>2018-01-08 20:22</PriceUpdateDate>
      <ItemCode>7290003144419</ItemCode>
      <ItemType>1</ItemType>
      <ItemName>סילאן טבעי ללת"ס 710 גרם</ItemName>
      <ManufacturerName>טעמי הגליל בע"\מ</ManufacturerName>
      <ManufactureCountry>IL</ManufactureCountry>
      <ManufacturerItemDescription>סילאן טבעי ללת"ס</ManufacturerItemDescription>
      <UnitQty>גרמים</UnitQty>
      <Quantity>710.00</Quantity>
      <bIsWeighted>0</bIsWeighted>
      <UnitOfMeasure>100 גרם</UnitOfMeasure>
      <QtyInPackage>1</QtyInPackage>
      <ItemPrice>24.90</ItemPrice>
      <UnitOfMeasurePrice>3.51</UnitOfMeasurePrice>
      <AllowDiscount>1</AllowDiscount>
      <ItemStatus>1</ItemStatus>
    </Item>
    <Item>
      <PriceUpdateDate>2017-04-18 06:40</PriceUpdateDate>
      <ItemCode>7290003158768</ItemCode>
      <ItemType>1</ItemType>
      <ItemName>לחמניות כשר לפסח 4 יח</ItemName>
      <ManufacturerName>גידרון</ManufacturerName>
      <ManufactureCountry>IL</ManufactureCountry>
      <ManufacturerItemDescription>4 לחמניות כשל"פ</ManufacturerItemDescription>
      <UnitQty>יחידה</UnitQty>
      <Quantity>1.00</Quantity>
      <bIsWeighted>0</bIsWeighted>
      <UnitOfMeasure>יחידה</UnitOfMeasure>
      <QtyInPackage>0</QtyInPackage>
      <ItemPrice>19.90</ItemPrice>
      <UnitOfMeasurePrice>19.90</UnitOfMeasurePrice>
      <AllowDiscount>1</AllowDiscount>
      <ItemStatus>1</ItemStatus>
    </Item>
    <Item>
      <PriceUpdateDate>2018-02-21 10:09</PriceUpdateDate>
      <ItemCode>7290003321155</ItemCode>
      <ItemType>1</ItemType>
      <ItemName>דנונה בר פקאן 183 גרם</ItemName>
      <ManufacturerName>שטראוס בריאות בע"\מ</ManufacturerName>
      <ManufactureCountry>IL</ManufactureCountry>
      <ManufacturerItemDescription>דנונה בר פקאן</ManufacturerItemDescription>
      <UnitQty>גרמים</UnitQty>
      <Quantity>183.00</Quantity>
      <bIsWeighted>0</bIsWeighted>
      <UnitOfMeasure>100 גרם</UnitOfMeasure>
      <QtyInPackage>0</QtyInPackage>
      <ItemPrice>4.80</ItemPrice>
      <UnitOfMeasurePrice>2.62</UnitOfMeasurePrice>
      <AllowDiscount>1</AllowDiscount>
      <ItemStatus>1</ItemStatus>
    </Item>
    <Item>
      <PriceUpdateDate>2019-11-11 07:48</PriceUpdateDate>
      <ItemCode>7290003321292</ItemCode>
      <ItemType>1</ItemType>
      <ItemName>גב.סקי 9% שומן 250 גרם</ItemName>
      <ManufacturerName>שטראוס בריאות בע"\מ</ManufacturerName>
      <ManufactureCountry>IL</ManufactureCountry>
      <ManufacturerItemDescription>גבינת סקי 9%</ManufacturerItemDescription>
      <UnitQty>גרמים</UnitQty>
      <Quantity>250.00</Quantity>
      <bIsWeighted>0</bIsWeighted>
      <UnitOfMeasure>100 גרם</UnitOfMeasure>
      <QtyInPackage>0</QtyInPackage>
      <ItemPrice>4.80</ItemPrice>
      <UnitOfMeasurePrice>1.92</UnitOfMeasurePrice>
      <AllowDiscount>1</AllowDiscount>
      <ItemStatus>1</ItemStatus>
    </Item>
    <Item>
      <PriceUpdateDate>2014-07-17 07:48</PriceUpdateDate>
      <ItemCode>7290003411726</ItemCode>
      <ItemType>1</ItemType>
      <ItemName>קיסמים מלחיה 300 יחידות</ItemName>
      <ManufacturerName>הנמל</ManufacturerName>
      <ManufactureCountry>CN</ManufactureCountry>
      <ManufacturerItemDescription>קיסמי שיניים</ManufacturerItemDescription>
      <UnitQty>יחידה</UnitQty>
      <Quantity>1.00</Quantity>
      <bIsWeighted>0</bIsWeighted>
      <UnitOfMeasure>יחידה</UnitOfMeasure>
      <QtyInPackage>0</QtyInPackage>
      <ItemPrice>4.30</ItemPrice>
      <UnitOfMeasurePrice>4.30</UnitOfMeasurePrice>
      <AllowDiscount>1</AllowDiscount>
      <ItemStatus>1</ItemStatus>
    </Item>
    <Item>
      <PriceUpdateDate>2013-12-17 06:20</PriceUpdateDate>
      <ItemCode>7290003411993</ItemCode>
      <ItemType>1</ItemType>
      <ItemName>גפרורים 10 יח'</ItemName>
      <ManufacturerName>הנמל</ManufacturerName>
      <ManufactureCountry>IL</ManufactureCountry>
      <ManufacturerItemDescription>גפרורים</ManufacturerItemDescription>
      <UnitQty>יחידה</UnitQty>
      <Quantity>1.00</Quantity>
      <bIsWeighted>0</bIsWeighted>
      <UnitOfMeasure>יחידה</UnitOfMeasure>
      <QtyInPackage>0</QtyInPackage>
      <ItemPrice>3.70</ItemPrice>
      <UnitOfMeasurePrice>3.70</UnitOfMeasurePrice>
      <AllowDiscount>1</AllowDiscount>
      <ItemStatus>1</ItemStatus>
    </Item>
    <Item>
      <PriceUpdateDate>2014-10-06 07:12</PriceUpdateDate>
      <ItemCode>7290003423909</ItemCode>
      <ItemType>1</ItemType>
      <ItemName>חטיף שוק.לבן שברי עוג43.</ItemName>
      <ManufacturerName>הרשי</ManufacturerName>
      <ManufactureCountry>US</ManufactureCountry>
      <ManufacturerItemDescription>חטיף שוקולד לבן</ManufacturerItemDescription>
      <UnitQty>גרמים</UnitQty>
      <Quantity>43.00</Quantity>
      <bIsWeighted>0</bIsWeighted>
      <UnitOfMeasure>100 גרם</UnitOfMeasure>
      <QtyInPackage>0</QtyInPackage>
      <ItemPrice>4.90</ItemPrice>
      <UnitOfMeasurePrice>11.40</UnitOfMeasurePrice>
      <AllowDiscount>1</AllowDiscount>
      <ItemStatus>1</ItemStatus>
    </Item>
    <Item>
      <PriceUpdateDate>2014-10-06 07:12</PriceUpdateDate>
      <ItemCode>7290003444009</ItemCode>
      <ItemType>1</ItemType>
      <ItemName>חט.שוקו.חלב+חמאת בוטנ42ג</ItemName>
      <ManufacturerName>הרשי</ManufacturerName>
      <ManufactureCountry>US</ManufactureCountry>
      <ManufacturerItemDescription>חטיף שוקולד חלב</ManufacturerItemDescription>
      <UnitQty>גרמים</UnitQty>
      <Quantity>42.00</Quantity>
      <bIsWeighted>0</bIsWeighted>
      <UnitOfMeasure>100 גרם</UnitOfMeasure>
      <QtyInPackage>0</QtyInPackage>
      <ItemPrice>3.90</ItemPrice>
      <UnitOfMeasurePrice>9.29</UnitOfMeasurePrice>
      <AllowDiscount>1</AllowDiscount>
      <ItemStatus>1</ItemStatus>
    </Item>
    <Item>
      <PriceUpdateDate>2016-01-18 07:14</PriceUpdateDate>
      <ItemCode>7290003457861</ItemCode>
      <ItemType>1</ItemType>
      <ItemName>סולרו טרופי יח</ItemName>
      <ManufacturerName>שטראוס</ManufacturerName>
      <ManufactureCountry>IL</ManufactureCountry>
      <ManufacturerItemDescription>סולרו טרופי יח</ManufacturerItemDescription>
      <UnitQty>יחידה</UnitQty>
      <Quantity>1.00</Quantity>
      <bIsWeighted>0</bIsWeighted>
      <UnitOfMeasure>יחידה</UnitOfMeasure>
      <QtyInPackage>0</QtyInPackage>
      <ItemPrice>10.00</ItemPrice>
      <UnitOfMeasurePrice>10.00</UnitOfMeasurePrice>
      <AllowDiscount>1</AllowDiscount>
      <ItemStatus>1</ItemStatus>
    </Item>
    <Item>
      <PriceUpdateDate>2018-10-11 09:52</PriceUpdateDate>
      <ItemCode>7290003550753</ItemCode>
      <ItemType>1</ItemType>
      <ItemName>טונה פוסידון בשמן108*4ג</ItemName>
      <ManufacturerName>פוסידון תעשיות</ManufacturerName>
      <ManufactureCountry>IL</ManufactureCountry>
      <ManufacturerItemDescription>טונה בשמן 4 יח'</ManufacturerItemDescription>
      <UnitQty>גרמים</UnitQty>
      <Quantity>432.00</Quantity>
      <bIsWeighted>0</bIsWeighted>
      <UnitOfMeasure>100 גרם</UnitOfMeasure>
      <QtyInPackage>0</QtyInPackage>
      <ItemPrice>22.90</ItemPrice>
      <UnitOfMeasurePrice>5.30</UnitOfMeasurePrice>
      <AllowDiscount>1</AllowDiscount>
      <ItemStatus>1</ItemStatus>
    </Item>
    <Item>
      <PriceUpdateDate>2019-08-13 08:20</PriceUpdateDate>
      <ItemCode>7290003608089</ItemCode>
      <ItemType>1</ItemType>
      <ItemName>ספרינג תות-בננה 1.5 ליטר</ItemName>
      <ManufacturerName>יפאורה תבורי בע"\מ</ManufacturerName>
      <ManufactureCountry>IL</ManufactureCountry>
      <ManufacturerItemDescription>ספרינג תות בננה</ManufacturerItemDescription>
      <UnitQty>ליטרים</UnitQty>
      <Quantity>1.50</Quantity>
      <bIsWeighted>0</bIsWeighted>
      <UnitOfMeasure>ליטר</UnitOfMeasure>
      <QtyInPackage>0</QtyInPackage>
      <ItemPrice>6.90</ItemPrice>
      <UnitOfMeasurePrice>4.60</UnitOfMeasurePrice>
      <AllowDiscount>1</AllowDiscount>
      <ItemStatus>1</ItemStatus>
    </Item>
    <Item>
      <PriceUpdateDate>2019-08-13 08:20</PriceUpdateDate>
      <ItemCode>7290003608546</ItemCode>
      <ItemType>1</ItemType>
      <ItemName>תפוזינה תות בננה 1.5ליטר</ItemName>
      <ManufacturerName>יפאורה תבורי בע"\מ</ManufacturerName>
      <ManufactureCountry>IL</ManufactureCountry>
      <ManufacturerItemDescription>תפוזינה תות בננה</ManufacturerItemDescription>
      <UnitQty>ליטרים</UnitQty>
      <Quantity>1.50</Quantity>
      <bIsWeighted>0</bIsWeighted>
      <UnitOfMeasure>ליטר</UnitOfMeasure>
      <QtyInPackage>0</QtyInPackage>
      <ItemPrice>6.90</ItemPrice>
      <UnitOfMeasurePrice>4.60</UnitOfMeasurePrice>
      <AllowDiscount>1</AllowDiscount>
      <ItemStatus>1</ItemStatus>
    </Item>
    <Item>
      <PriceUpdateDate>2019-08-13 08:20</PriceUpdateDate>
      <ItemCode>7290003608898</ItemCode>
      <ItemType>1</ItemType>
      <ItemName>תפוזינה תפוזים לייט1.5ל</ItemName>
      <ManufacturerName>יפאורה תבורי בע"\מ</ManufacturerName>
      <ManufactureCountry>IL</ManufactureCountry>
      <ManufacturerItemDescription>תפוזינה לייט</ManufacturerItemDescription>
      <UnitQty>ליטרים</UnitQty>
      <Quantity>1.50</Quantity>
      <bIsWeighted>0</bIsWeighted>
      <UnitOfMeasure>ליטר</UnitOfMeasure>
      <QtyInPackage>0</QtyInPackage>
      <ItemPrice>6.90</ItemPrice>
      <UnitOfMeasurePrice>4.60</UnitOfMeasurePrice>
      <AllowDiscount>1</AllowDiscount>
      <ItemStatus>1</ItemStatus>
    </Item>
    <Item>
      <PriceUpdateDate>2018-05-22 12:22</PriceUpdateDate>
      <ItemCode>7290003643004</ItemCode>
      <ItemType>1</ItemType>
      <ItemName>אורז בסמטי קלאסי בשקית1ק</ItemName>
      <ManufacturerName>סוגת תעשיות בע"\מ</ManufacturerName>
      <ManufactureCountry>IL</ManufactureCountry>
      <ManufacturerItemDescription>אורז בסמטי קלאסי</ManufacturerItemDescription>
      <UnitQty>קילוגרמים</UnitQty>
      <Quantity>1.00</Quantity>
      <bIsWeighted>0</bIsWeighted>
      <UnitOfMeasure>ק"ג</UnitOfMeasure>
      <QtyInPackage>0</QtyInPackage>
      <ItemPrice>14.90</ItemPrice>
      <UnitOfMeasurePrice>14.90</UnitOfMeasurePrice>
      <AllowDiscount>1</AllowDiscount>
      <ItemStatus>1</ItemStatus>
    </Item>
    <Item>
      <PriceUpdateDate>2018-03-06 07:23</PriceUpdateDate>
      <ItemCode>7290003643387</ItemCode>
      <ItemType>1</ItemType>
      <ItemName>סוכר לבן צנצנת 1 ק"ג</ItemName>
      <ManufacturerName>סוגת תעשיות בע"\מ</ManufacturerName>
      <ManufactureCountry>IL</ManufactureCountry>
      <ManufacturerItemDescription>סוכר לבן צנצנת</ManufacturerItemDescription>
      <UnitQty>קילוגרמים</UnitQty>
      <Quantity>1.00</Quantity>
      <bIsWeighted>0</bIsWeighted>
      <UnitOfMeasure>ק"ג</UnitOfMeasure>
      <QtyInPackage>0</QtyInPackage>
      <ItemPrice>8.90</ItemPrice>
      <UnitOfMeasurePrice>8.90</UnitOfMeasurePrice>
      <AllowDiscount>1</AllowDiscount>
      <ItemStatus>1</ItemStatus>
    </Item>
    <Item>
      <PriceUpdateDate>2020-10-10 18:30</PriceUpdateDate>
      <ItemCode>7290003643646</ItemCode>
      <ItemType>1</ItemType>
      <ItemName>סוכר דמררה צנצנת 1 ק"ג</ItemName>
      <ManufacturerName>סוגת תעשיות בע"\מ</ManufacturerName>
      <ManufactureCountry>IL</ManufactureCountry>
      <ManufacturerItemDescription>סוכר דמררה</ManufacturerItemDescription>
      <UnitQty>קילוגרמים</UnitQty>
      <Quantity>1.00</Quantity>
      <bIsWeighted>0</bIsWeighted>
      <UnitOfMeasure>ק"ג</UnitOfMeasure>
      <QtyInPackage>0</QtyInPackage>
      <ItemPrice>10.90</ItemPrice>
      <UnitOfMeasurePrice>10.90</UnitOfMeasurePrice>
      <AllowDiscount>1</AllowDiscount>
      <ItemStatus>1</ItemStatus>
    </Item>
    <Item>
      <PriceUpdateDate>2018-11-29 10:11</PriceUpdateDate>
      <ItemCode>7290003667369</ItemCode>
      <ItemType>1</ItemType>
      <ItemName>פריגת מיקס תות-בננה1.5ל</ItemName>
      <ManufacturerName>מבשלות בירה בינלאומיות ב</ManufacturerName>
      <ManufactureCountry>IL</ManufactureCountry>
      <ManufacturerItemDescription>פריגת תות בננה</ManufacturerItemDescription>
      <UnitQty>ליטרים</UnitQty>
      <Quantity>1.50</Quantity>
      <bIsWeighted>0</bIsWeighted>
      <UnitOfMeasure>ליטר</UnitOfMeasure>
      <QtyInPackage>0</QtyInPackage>
      <ItemPrice>7.80</ItemPrice>
      <UnitOfMeasurePrice>5.20</UnitOfMeasurePrice>
      <AllowDiscount>1</AllowDiscount>
      <ItemStatus>1</ItemStatus>
    </Item>
    <Item>
      <PriceUpdateDate>2018-11-29 10:11</PriceUpdateDate>
      <ItemCode>7290003667673</ItemCode>
      <ItemType>1</ItemType>
      <ItemName>פנטה דיאט אורנג' 1.5ליטר</ItemName>
      <ManufacturerName>החברה המרכזית לייצור משק</ManufacturerName>
      <ManufactureCountry>IL</ManufactureCountry>
      <ManufacturerItemDescription>פנטה דיאט אורנג'</ManufacturerItemDescription>
      <UnitQty>ליטרים</UnitQty>
      <Quantity>1.50</Quantity>
      <bIsWeighted>0</bIsWeighted>
      <UnitOfMeasure>ליטר</UnitOfMeasure>
      <QtyInPackage>0</QtyInPackage>
      <ItemPrice>7.90</ItemPrice>
      <UnitOfMeasurePrice>5.27</UnitOfMeasurePrice>
      <AllowDiscount>1</AllowDiscount>
      <ItemStatus>1</ItemStatus>
    </Item>
    <Item>
      <PriceUpdateDate>2016-08-30 06:42</PriceUpdateDate>
      <ItemCode>7290003744428</ItemCode>
      <ItemType>1</ItemType>
      <ItemName>אובלטים+קימל שקית 300 גר</ItemName>
      <ManufacturerName>ברט בע"מ</ManufacturerName>
      <ManufactureCountry>IL</ManufactureCountry>
      <ManufacturerItemDescription>אובלטים מלוחים</ManufacturerItemDescription>
      <UnitQty>גרמים</UnitQty>
      <Quantity>300.00</Quantity>
      <bIsWeighted>0</bIsWeighted>
      <UnitOfMeasure>100 גרם</UnitOfMeasure>
      <QtyInPackage>0</QtyInPackage>
      <ItemPrice>12.50</ItemPrice>
      <UnitOfMeasurePrice>4.17</UnitOfMeasurePrice>
      <AllowDiscount>1</AllowDiscount>
      <ItemStatus>1</ItemStatus>
    </Item>
    <Item>
      <PriceUpdateDate>2015-09-30 08:09</PriceUpdateDate>
      <ItemCode>7290003805501</ItemCode>
      <ItemType>1</ItemType>
      <ItemName>פתית חסכוני שוודית 300גר</ItemName>
      <ManufacturerName>יוניליוור ישראל מזון בע\</ManufacturerName>
      <ManufactureCountry>IL</ManufactureCountry>
      <ManufacturerItemDescription>פתית קרקר שוודי</ManufacturerItemDescription>
      <UnitQty>גרמים</UnitQty>
      <Quantity>300.00</Quantity>
      <bIsWeighted>0</bIsWeighted>
      <UnitOfMeasure>100 גרם</UnitOfMeasure>
      <QtyInPackage>0</QtyInPackage>
      <ItemPrice>18.70</ItemPrice>
      <UnitOfMeasurePrice>6.23</UnitOfMeasurePrice>
      <AllowDiscount>1</AllowDiscount>
      <ItemStatus>1</ItemStatus>
    </Item>
    <Item>
      <PriceUpdateDate>2018-03-13 08:48</PriceUpdateDate>
      <ItemCode>7290003806591</ItemCode>
      <ItemType>1</ItemType>
      <ItemName>דאו. דאב מלפפונים150מ</ItemName>
      <ManufacturerName>יוניליוור</ManufacturerName>
      <ManufactureCountry>GB</ManufactureCountry>
      <ManufacturerItemDescription>דאודורנט דאב</ManufacturerItemDescription>
      <UnitQty>מיליליטרים</UnitQty>
      <Quantity>150.00</Quantity>
      <bIsWeighted>0</bIsWeighted>
      <UnitOfMeasure>100 מ"ל</UnitOfMeasure>
      <QtyInPackage>1</QtyInPackage>
      <ItemPrice>14.90</ItemPrice>
      <UnitOfMeasurePrice>9.93</UnitOfMeasurePrice>
      <AllowDiscount>1</AllowDiscount>
      <ItemStatus>1</ItemStatus>
    </Item>
    <Item>
      <PriceUpdateDate>2017-02-07 07:16</PriceUpdateDate>
      <ItemCode>7290003807178</ItemCode>
      <ItemType>1</ItemType>
      <ItemName>רוטב סויה סגנון סיני300מ</ItemName>
      <ManufacturerName>יוניליוור ישראל מזון בע\</ManufacturerName>
      <ManufactureCountry>IL</ManufactureCountry>
      <ManufacturerItemDescription>רוטב סויה</ManufacturerItemDescription>
      <UnitQty>מיליליטרים</UnitQty>
      <Quantity>300.00</Quantity>
      <bIsWeighted>0</bIsWeighted>
      <UnitOfMeasure>100 מ"ל</UnitOfMeasure>
      <QtyInPackage>0</QtyInPackage>
      <ItemPrice>12.50</ItemPrice>
      <UnitOfMeasurePrice>4.17</UnitOfMeasurePrice>
      <AllowDiscount>1</AllowDiscount>
      <ItemStatus>1</ItemStatus>
    </Item>
    <Item>
      <PriceUpdateDate>2017-02-07 07:16</PriceUpdateDate>
      <ItemCode>7290003864485</ItemCode>
      <ItemType>1</ItemType>
      <ItemName>סרדינים ברוטב</ItemName>
      <ManufacturerName />
      <ManufactureCountry>TH</ManufactureCountry>
      <ManufacturerItemDescription>סרדינים ברוטב</ManufacturerItemDescription>
      <UnitQty>גרמים</UnitQty>
      <Quantity>110.00</Quantity>
      <bIsWeighted>0</bIsWeighted>
      <UnitOfMeasure>100 גרם</UnitOfMeasure>
      <QtyInPackage>0</QtyInPackage>
      <ItemPrice>6.30</ItemPrice>
      <UnitOfMeasurePrice>5.73</UnitOfMeasurePrice>
      <AllowDiscount>1</AllowDiscount>
      <ItemStatus>1</ItemStatus>
    </Item>
    <Item>
      <PriceUpdateDate>2020-10-10 18:30</PriceUpdateDate>
      <ItemCode>7290004011338</ItemCode>
      <ItemType>1</ItemType>
      <ItemName>קצפת ריצ' במיכל 250 מ"ל</ItemName>
      <ManufacturerName>נטו</ManufacturerName>
      <ManufactureCountry>IT</ManufactureCountry>
      <ManufacturerItemDescription>קצפת ריצ' במיכל</ManufacturerItemDescription>
      <UnitQty>מיליליטרים</UnitQty>
      <Quantity>250.00</Quantity>
      <bIsWeighted>0</bIsWeighted>
      <UnitOfMeasure>100 מ"ל</UnitOfMeasure>
      <QtyInPackage>0</QtyInPackage>
      <ItemPrice>12.90</ItemPrice>
      <UnitOfMeasurePrice>5.16</UnitOfMeasurePrice>
      <AllowDiscount>1</AllowDiscount>
      <ItemStatus>1</ItemStatus>
    </Item>
    <Item>
      <PriceUpdateDate>2016-01-29 09:40</PriceUpdateDate>
      <ItemCode>7290004023041</ItemCode>
      <ItemType>1</ItemType>
      <ItemName>לחם מחמצת שיפון</ItemName>
      <ManufacturerName />
      <ManufactureCountry>IL</ManufactureCountry>
      <ManufacturerItemDescription>לחם מחמצת שיפון</ManufacturerItemDescription>
      <UnitQty>גרמים</UnitQty>
      <Quantity>750.00</Quantity>
      <bIsWeighted>0</bIsWeighted>
      <UnitOfMeasure>100 גרם</UnitOfMeasure>
      <QtyInPackage>0</QtyInPackage>
      <ItemPrice>15.20</ItemPrice>
      <UnitOfMeasurePrice>2.03</UnitOfMeasurePrice>
      <AllowDiscount>1</AllowDiscount>
      <ItemStatus>1</ItemStatus>
    </Item>
    <Item>
      <PriceUpdateDate>2018-09-12 14:25</PriceUpdateDate>
      <ItemCode>7290004119133</ItemCode>
      <ItemType>1</ItemType>
      <ItemName>יוגורט בכד6.5%  1.5 ליטר</ItemName>
      <ManufacturerName>מחלבת אלון תבור</ManufacturerName>
      <ManufactureCountry>IL</ManufactureCountry>
      <ManufacturerItemDescription>יוגורט בכד</ManufacturerItemDescription>
      <UnitQty>ליטרים</UnitQty>
      <Quantity>1.50</Quantity>
      <bIsWeighted>0</bIsWeighted>
      <UnitOfMeasure>ליטר</UnitOfMeasure>
      <QtyInPackage>0</QtyInPackage>
      <ItemPrice>17.80</ItemPrice>
      <UnitOfMeasurePrice>11.87</UnitOfMeasurePrice>
      <AllowDiscount>1</AllowDiscount>
      <ItemStatus>1</ItemStatus>
    </Item>
    <Item>
      <PriceUpdateDate>2013-06-02 10:59</PriceUpdateDate>
      <ItemCode>7290004119225</ItemCode>
      <ItemType>1</ItemType>
      <ItemName>יופלה אננס 3% 150 גרם</ItemName>
      <ManufacturerName>תנובה בעמ</ManufacturerName>
      <ManufactureCountry>IL</ManufactureCountry>
      <ManufacturerItemDescription>יופלה אננס 3%</ManufacturerItemDescription>
      <UnitQty>גרמים</UnitQty>
      <Quantity>150.00</Quantity>
      <bIsWeighted>0</bIsWeighted>
      <UnitOfMeasure>100 גרם</UnitOfMeasure>
      <QtyInPackage>0</QtyInPackage>
      <ItemPrice>5.20</ItemPrice>
      <UnitOfMeasurePrice>3.47</UnitOfMeasurePrice>
      <AllowDiscount>1</AllowDiscount>
      <ItemStatus>1</ItemStatus>
    </Item>
    <Item>
      <PriceUpdateDate>2018-09-12 14:25</PriceUpdateDate>
      <ItemCode>7290004119973</ItemCode>
      <ItemType>1</ItemType>
      <ItemName>מעדן שוקו קרלו3% 125גרם</ItemName>
      <ManufacturerName>מחלבת אלון תבור</ManufacturerName>
      <ManufactureCountry>IL</ManufactureCountry>
      <ManufacturerItemDescription>קרלו שוקולדה</ManufacturerItemDescription>
      <UnitQty>גרמים</UnitQty>
      <Quantity>125.00</Quantity>
      <bIsWeighted>0</bIsWeighted>
      <UnitOfMeasure>100 גרם</UnitOfMeasure>
      <QtyInPackage>0</QtyInPackage>
      <ItemPrice>3.00</ItemPrice>
      <UnitOfMeasurePrice>2.40</UnitOfMeasurePrice>
      <AllowDiscount>1</AllowDiscount>
      <ItemStatus>1</ItemStatus>
    </Item>
    <Item>
      <PriceUpdateDate>2018-09-12 14:25</PriceUpdateDate>
      <ItemCode>7290004120061</ItemCode>
      <ItemType>1</ItemType>
      <ItemName>מעדן קרלו שוניל3% 125מ"ל</ItemName>
      <ManufacturerName>מחלבת אלון תבור</ManufacturerName>
      <ManufactureCountry>IL</ManufactureCountry>
      <ManufacturerItemDescription>מעדן קרלו שוניל</ManufacturerItemDescription>
      <UnitQty>גרמים</UnitQty>
      <Quantity>125.00</Quantity>
      <bIsWeighted>0</bIsWeighted>
      <UnitOfMeasure>100 גרם</UnitOfMeasure>
      <QtyInPackage>0</QtyInPackage>
      <ItemPrice>3.10</ItemPrice>
      <UnitOfMeasurePrice>2.48</UnitOfMeasurePrice>
      <AllowDiscount>1</AllowDiscount>
      <ItemStatus>1</ItemStatus>
    </Item>
    <Item>
      <PriceUpdateDate>2013-12-22 10:38</PriceUpdateDate>
      <ItemCode>7290004120108</ItemCode>
      <ItemType>1</ItemType>
      <ItemName>יופלה דובדבן 0% 150 גרם</ItemName>
      <ManufacturerName>תנובה בעמ</ManufacturerName>
      <ManufactureCountry>IL</ManufactureCountry>
      <ManufacturerItemDescription>יופלה דיאט 0%</ManufacturerItemDescription>
      <UnitQty>גרמים</UnitQty>
      <Quantity>150.00</Quantity>
      <bIsWeighted>0</bIsWeighted>
      <UnitOfMeasure>100 גרם</UnitOfMeasure>
      <QtyInPackage>0</QtyInPackage>
      <ItemPrice>5.20</ItemPrice>
      <UnitOfMeasurePrice>3.47</UnitOfMeasurePrice>
      <AllowDiscount>1</AllowDiscount>
      <ItemStatus>1</ItemStatus>
    </Item>
    <Item>
      <PriceUpdateDate>2018-09-12 14:25</PriceUpdateDate>
      <ItemCode>7290004120573</ItemCode>
      <ItemType>1</ItemType>
      <ItemName>גב.בולגרית פיראוס16% 250</ItemName>
      <ManufacturerName>תנובה</ManufacturerName>
      <ManufactureCountry>IL</ManufactureCountry>
      <ManufacturerItemDescription>גבינה בולגרית16%</ManufacturerItemDescription>
      <UnitQty>גרמים</UnitQty>
      <Quantity>250.00</Quantity>
      <bIsWeighted>0</bIsWeighted>
      <UnitOfMeasure>100 גרם</UnitOfMeasure>
      <QtyInPackage>0</QtyInPackage>
      <ItemPrice>25.00</ItemPrice>
      <UnitOfMeasurePrice>10.00</UnitOfMeasurePrice>
      <AllowDiscount>1</AllowDiscount>
      <ItemStatus>1</ItemStatus>
    </Item>
    <Item>
      <PriceUpdateDate>2019-01-31 10:29</PriceUpdateDate>
      <ItemCode>7290004120634</ItemCode>
      <ItemType>1</ItemType>
      <ItemName>גב.בולגרית פיראוס5% 250ג</ItemName>
      <ManufacturerName>תנובה</ManufacturerName>
      <ManufactureCountry>IL</ManufactureCountry>
      <ManufacturerItemDescription>גבינה בולגרית5%</ManufacturerItemDescription>
      <UnitQty>גרמים</UnitQty>
      <Quantity>250.00</Quantity>
      <bIsWeighted>0</bIsWeighted>
      <UnitOfMeasure>100 גרם</UnitOfMeasure>
      <QtyInPackage>0</QtyInPackage>
      <ItemPrice>24.90</ItemPrice>
      <UnitOfMeasurePrice>9.96</UnitOfMeasurePrice>
      <AllowDiscount>1</AllowDiscount>
      <ItemStatus>1</ItemStatus>
    </Item>
    <Item>
      <PriceUpdateDate>2019-06-19 08:00</PriceUpdateDate>
      <ItemCode>7290004120832</ItemCode>
      <ItemType>1</ItemType>
      <ItemName>חלב שתיה 3%</ItemName>
      <ManufacturerName />
      <ManufactureCountry>IL</ManufactureCountry>
      <ManufacturerItemDescription>חלב שתיה 3%</ManufacturerItemDescription>
      <UnitQty>ליטרים</UnitQty>
      <Quantity>2.00</Quantity>
      <bIsWeighted>0</bIsWeighted>
      <UnitOfMeasure>ליטר</UnitOfMeasure>
      <QtyInPackage>0</QtyInPackage>
      <ItemPrice>11.88</ItemPrice>
      <UnitOfMeasurePrice>5.94</UnitOfMeasurePrice>
      <AllowDiscount>1</AllowDiscount>
      <ItemStatus>1</ItemStatus>
    </Item>
    <Item>
      <PriceUpdateDate>2013-12-22 10:38</PriceUpdateDate>
      <ItemCode>7290004121488</ItemCode>
      <ItemType>1</ItemType>
      <ItemName>יופלה דיאט אפרסק 150 גרם</ItemName>
      <ManufacturerName>תנובה בעמ</ManufacturerName>
      <ManufactureCountry>IL</ManufactureCountry>
      <ManufacturerItemDescription>יופלה דיאט אפרסק</ManufacturerItemDescription>
      <UnitQty>גרמים</UnitQty>
      <Quantity>150.00</Quantity>
      <bIsWeighted>0</bIsWeighted>
      <UnitOfMeasure>100 גרם</UnitOfMeasure>
      <QtyInPackage>0</QtyInPackage>
      <ItemPrice>5.20</ItemPrice>
      <UnitOfMeasurePrice>3.47</UnitOfMeasurePrice>
      <AllowDiscount>1</AllowDiscount>
      <ItemStatus>1</ItemStatus>
    </Item>
    <Item>
      <PriceUpdateDate>2013-06-02 10:59</PriceUpdateDate>
      <ItemCode>7290004121754</ItemCode>
      <ItemType>1</ItemType>
      <ItemName>יופלה קרם גב.ותות3% 150ג</ItemName>
      <ManufacturerName>תנובה בעמ</ManufacturerName>
      <ManufactureCountry>IL</ManufactureCountry>
      <ManufacturerItemDescription>יופלה קרם גבינה</ManufacturerItemDescription>
      <UnitQty>גרמים</UnitQty>
      <Quantity>150.00</Quantity>
      <bIsWeighted>0</bIsWeighted>
      <UnitOfMeasure>100 גרם</UnitOfMeasure>
      <QtyInPackage>0</QtyInPackage>
      <ItemPrice>5.20</ItemPrice>
      <UnitOfMeasurePrice>3.47</UnitOfMeasurePrice>
      <AllowDiscount>1</AllowDiscount>
      <ItemStatus>1</ItemStatus>
    </Item>
    <Item>
      <PriceUpdateDate>2018-09-12 14:25</PriceUpdateDate>
      <ItemCode>7290004122119</ItemCode>
      <ItemType>1</ItemType>
      <ItemName>פתיתי פרמזן לפסטה 100גרם</ItemName>
      <ManufacturerName>תנובה</ManufacturerName>
      <ManufactureCountry>IL</ManufactureCountry>
      <ManufacturerItemDescription>פתיתי פרמזן</ManufacturerItemDescription>
      <UnitQty>גרמים</UnitQty>
      <Quantity>100.00</Quantity>
      <bIsWeighted>0</bIsWeighted>
      <UnitOfMeasure>100 גרם</UnitOfMeasure>
      <QtyInPackage>0</QtyInPackage>
      <ItemPrice>13.90</ItemPrice>
      <UnitOfMeasurePrice>13.90</UnitOfMeasurePrice>
      <AllowDiscount>1</AllowDiscount>
      <ItemStatus>1</ItemStatus>
    </Item>
    <Item>
      <PriceUpdateDate>2018-09-12 14:25</PriceUpdateDate>
      <ItemCode>7290004122195</ItemCode>
      <ItemType>1</ItemType>
      <ItemName>גוש חלב פרוס28% 200מהדרי</ItemName>
      <ManufacturerName>תנובה</ManufacturerName>
      <ManufactureCountry>IL</ManufactureCountry>
      <ManufacturerItemDescription>גבינה גוש חלב</ManufacturerItemDescription>
      <UnitQty>גרמים</UnitQty>
      <Quantity>200.00</Quantity>
      <bIsWeighted>0</bIsWeighted>
      <UnitOfMeasure>100 גרם</UnitOfMeasure>
      <QtyInPackage>0</QtyInPackage>
      <ItemPrice>14.60</ItemPrice>
      <UnitOfMeasurePrice>7.30</UnitOfMeasurePrice>
      <AllowDiscount>1</AllowDiscount>
      <ItemStatus>1</ItemStatus>
    </Item>
    <Item>
      <PriceUpdateDate>2018-09-12 14:25</PriceUpdateDate>
      <ItemCode>7290004122270</ItemCode>
      <ItemType>1</ItemType>
      <ItemName>עמק פרוס סגירה חוזרת 200</ItemName>
      <ManufacturerName>תנובה</ManufacturerName>
      <ManufactureCountry>IL</ManufactureCountry>
      <ManufacturerItemDescription>גבינת עמק פרוס</ManufacturerItemDescription>
      <UnitQty>גרמים</UnitQty>
      <Quantity>200.00</Quantity>
      <bIsWeighted>0</bIsWeighted>
      <UnitOfMeasure>100 גרם</UnitOfMeasure>
      <QtyInPackage>0</QtyInPackage>
      <ItemPrice>16.40</ItemPrice>
      <UnitOfMeasurePrice>8.20</UnitOfMeasurePrice>
      <AllowDiscount>1</AllowDiscount>
      <ItemStatus>1</ItemStatus>
    </Item>
    <Item>
      <PriceUpdateDate>2018-09-12 14:25</PriceUpdateDate>
      <ItemCode>7290004122348</ItemCode>
      <ItemType>1</ItemType>
      <ItemName>גבינת עמק 9% פרוס 200 גר</ItemName>
      <ManufacturerName>תנובה</ManufacturerName>
      <ManufactureCountry>IL</ManufactureCountry>
      <ManufacturerItemDescription>גבינת עמק 9%</ManufacturerItemDescription>
      <UnitQty>גרמים</UnitQty>
      <Quantity>200.00</Quantity>
      <bIsWeighted>0</bIsWeighted>
      <UnitOfMeasure>100 גרם</UnitOfMeasure>
      <QtyInPackage>0</QtyInPackage>
      <ItemPrice>16.80</ItemPrice>
      <UnitOfMeasurePrice>8.40</UnitOfMeasurePrice>
      <AllowDiscount>1</AllowDiscount>
      <ItemStatus>1</ItemStatus>
    </Item>
    <Item>
      <PriceUpdateDate>2013-12-22 10:38</PriceUpdateDate>
      <ItemCode>7290004124205</ItemCode>
      <ItemType>1</ItemType>
      <ItemName>יופלה דיאט תות0% 150 גר</ItemName>
      <ManufacturerName>תנובה בעמ</ManufacturerName>
      <ManufactureCountry>IL</ManufactureCountry>
      <ManufacturerItemDescription>יופלה דיאט תות0%</ManufacturerItemDescription>
      <UnitQty>גרמים</UnitQty>
      <Quantity>150.00</Quantity>
      <bIsWeighted>0</bIsWeighted>
      <UnitOfMeasure>100 גרם</UnitOfMeasure>
      <QtyInPackage>0</QtyInPackage>
      <ItemPrice>5.20</ItemPrice>
      <UnitOfMeasurePrice>3.47</UnitOfMeasurePrice>
      <AllowDiscount>1</AllowDiscount>
      <ItemStatus>1</ItemStatus>
    </Item>
    <Item>
      <PriceUpdateDate>2018-09-12 14:25</PriceUpdateDate>
      <ItemCode>7290004125370</ItemCode>
      <ItemType>1</ItemType>
      <ItemName>שמנת חמוצה 9% שומן 200מל</ItemName>
      <ManufacturerName>תנובה</ManufacturerName>
      <ManufactureCountry>IL</ManufactureCountry>
      <ManufacturerItemDescription>שמנת חמוצה 9%</ManufacturerItemDescription>
      <UnitQty>מיליליטרים</UnitQty>
      <Quantity>200.00</Quantity>
      <bIsWeighted>0</bIsWeighted>
      <UnitOfMeasure>100 מ"ל</UnitOfMeasure>
      <QtyInPackage>0</QtyInPackage>
      <ItemPrice>3.70</ItemPrice>
      <UnitOfMeasurePrice>1.85</UnitOfMeasurePrice>
      <AllowDiscount>1</AllowDiscount>
      <ItemStatus>1</ItemStatus>
    </Item>
    <Item>
      <PriceUpdateDate>2019-06-19 08:00</PriceUpdateDate>
      <ItemCode>7290004125400</ItemCode>
      <ItemType>1</ItemType>
      <ItemName>אשל מהדרין 4.5% 200 מ"ל</ItemName>
      <ManufacturerName>תנובה</ManufacturerName>
      <ManufactureCountry>IL</ManufactureCountry>
      <ManufacturerItemDescription>אשל 4.5% שומן</ManufacturerItemDescription>
      <UnitQty>מיליליטרים</UnitQty>
      <Quantity>200.00</Quantity>
      <bIsWeighted>0</bIsWeighted>
      <UnitOfMeasure>100 מ"ל</UnitOfMeasure>
      <QtyInPackage>0</QtyInPackage>
      <ItemPrice>1.61</ItemPrice>
      <UnitOfMeasurePrice>0.81</UnitOfMeasurePrice>
      <AllowDiscount>1</AllowDiscount>
      <ItemStatus>1</ItemStatus>
    </Item>
    <Item>
      <PriceUpdateDate>2019-06-19 08:00</PriceUpdateDate>
      <ItemCode>7290004125417</ItemCode>
      <ItemType>1</ItemType>
      <ItemName>גיל 3% מהדרין 200מ"ל</ItemName>
      <ManufacturerName>תנובה</ManufacturerName>
      <ManufactureCountry>IL</ManufactureCountry>
      <ManufacturerItemDescription>גיל לבן 3%שומן</ManufacturerItemDescription>
      <UnitQty>מיליליטרים</UnitQty>
      <Quantity>200.00</Quantity>
      <bIsWeighted>0</bIsWeighted>
      <UnitOfMeasure>100 מ"ל</UnitOfMeasure>
      <QtyInPackage>0</QtyInPackage>
      <ItemPrice>1.44</ItemPrice>
      <UnitOfMeasurePrice>0.72</UnitOfMeasurePrice>
      <AllowDiscount>1</AllowDiscount>
      <ItemStatus>1</ItemStatus>
    </Item>
    <Item>
      <PriceUpdateDate>2019-06-19 08:00</PriceUpdateDate>
      <ItemCode>7290004125455</ItemCode>
      <ItemType>1</ItemType>
      <ItemName>שמנת תנובה 15%שומן200מל</ItemName>
      <ManufacturerName>תנובה</ManufacturerName>
      <ManufactureCountry>IL</ManufactureCountry>
      <ManufacturerItemDescription>שמנת תנובה 15%</ManufacturerItemDescription>
      <UnitQty>מיליליטרים</UnitQty>
      <Quantity>200.00</Quantity>
      <bIsWeighted>0</bIsWeighted>
      <UnitOfMeasure>100 מ"ל</UnitOfMeasure>
      <QtyInPackage>0</QtyInPackage>
      <ItemPrice>2.28</ItemPrice>
      <UnitOfMeasurePrice>1.14</UnitOfMeasurePrice>
      <AllowDiscount>1</AllowDiscount>
      <ItemStatus>1</ItemStatus>
    </Item>
    <Item>
      <PriceUpdateDate>2015-07-14 12:35</PriceUpdateDate>
      <ItemCode>7290004125509</ItemCode>
      <ItemType>1</ItemType>
      <ItemName>שמנת חמוצה15% חצי מנה100</ItemName>
      <ManufacturerName>תנובה</ManufacturerName>
      <ManufactureCountry>IL</ManufactureCountry>
      <ManufacturerItemDescription>שמנת חמוצה 15%</ManufacturerItemDescription>
      <UnitQty>מיליליטרים</UnitQty>
      <Quantity>100.00</Quantity>
      <bIsWeighted>0</bIsWeighted>
      <UnitOfMeasure>100 מ"ל</UnitOfMeasure>
      <QtyInPackage>0</QtyInPackage>
      <ItemPrice>1.70</ItemPrice>
      <UnitOfMeasurePrice>1.70</UnitOfMeasurePrice>
      <AllowDiscount>1</AllowDiscount>
      <ItemStatus>1</ItemStatus>
    </Item>
    <Item>
      <PriceUpdateDate>2016-03-04 07:26</PriceUpdateDate>
      <ItemCode>7290004125578</ItemCode>
      <ItemType>1</ItemType>
      <ItemName>משקה סויה מועשר בסידן1ל</ItemName>
      <ManufacturerName>סוי מג'יק</ManufacturerName>
      <ManufactureCountry>IL</ManufactureCountry>
      <ManufacturerItemDescription>משקה סויה</ManufacturerItemDescription>
      <UnitQty>ליטרים</UnitQty>
      <Quantity>1.00</Quantity>
      <bIsWeighted>0</bIsWeighted>
      <UnitOfMeasure>ליטר</UnitOfMeasure>
      <QtyInPackage>0</QtyInPackage>
      <ItemPrice>11.90</ItemPrice>
      <UnitOfMeasurePrice>11.90</UnitOfMeasurePrice>
      <AllowDiscount>1</AllowDiscount>
      <ItemStatus>1</ItemStatus>
    </Item>
    <Item>
      <PriceUpdateDate>2016-03-04 07:26</PriceUpdateDate>
      <ItemCode>7290004125585</ItemCode>
      <ItemType>1</ItemType>
      <ItemName>משקה סויה בטעם וניל 1 לי</ItemName>
      <ManufacturerName>סוי מג'יק</ManufacturerName>
      <ManufactureCountry>IL</ManufactureCountry>
      <ManufacturerItemDescription>משקה סויה וניל</ManufacturerItemDescription>
      <UnitQty>ליטרים</UnitQty>
      <Quantity>1.00</Quantity>
      <bIsWeighted>0</bIsWeighted>
      <UnitOfMeasure>ליטר</UnitOfMeasure>
      <QtyInPackage>0</QtyInPackage>
      <ItemPrice>11.90</ItemPrice>
      <UnitOfMeasurePrice>11.90</UnitOfMeasurePrice>
      <AllowDiscount>1</AllowDiscount>
      <ItemStatus>1</ItemStatus>
    </Item>
    <Item>
      <PriceUpdateDate>2018-09-12 14:25</PriceUpdateDate>
      <ItemCode>7290004125721</ItemCode>
      <ItemType>1</ItemType>
      <ItemName>שמנת בישול-15%שף לבן250מ</ItemName>
      <ManufacturerName>תנובה</ManufacturerName>
      <ManufactureCountry>IL</ManufactureCountry>
      <ManufacturerItemDescription>שמנת לבישול15%</ManufacturerItemDescription>
      <UnitQty>מיליליטרים</UnitQty>
      <Quantity>250.00</Quantity>
      <bIsWeighted>0</bIsWeighted>
      <UnitOfMeasure>100 מ"ל</UnitOfMeasure>
      <QtyInPackage>0</QtyInPackage>
      <ItemPrice>8.30</ItemPrice>
      <UnitOfMeasurePrice>3.32</UnitOfMeasurePrice>
      <AllowDiscount>1</AllowDiscount>
      <ItemStatus>1</ItemStatus>
    </Item>
    <Item>
      <PriceUpdateDate>2018-09-12 14:25</PriceUpdateDate>
      <ItemCode>7290004125738</ItemCode>
      <ItemType>1</ItemType>
      <ItemName>שמנת להקצפה-32%שף לבן250</ItemName>
      <ManufacturerName>תנובה</ManufacturerName>
      <ManufactureCountry>IL</ManufactureCountry>
      <ManufacturerItemDescription>שמנת להקצפה32%</ManufacturerItemDescription>
      <UnitQty>מיליליטרים</UnitQty>
      <Quantity>250.00</Quantity>
      <bIsWeighted>0</bIsWeighted>
      <UnitOfMeasure>100 מ"ל</UnitOfMeasure>
      <QtyInPackage>0</QtyInPackage>
      <ItemPrice>6.90</ItemPrice>
      <UnitOfMeasurePrice>2.76</UnitOfMeasurePrice>
      <AllowDiscount>1</AllowDiscount>
      <ItemStatus>1</ItemStatus>
    </Item>
    <Item>
      <PriceUpdateDate>2018-09-12 14:25</PriceUpdateDate>
      <ItemCode>7290004125776</ItemCode>
      <ItemType>1</ItemType>
      <ItemName>גב.עמק פרוס 28%קופסא400ג</ItemName>
      <ManufacturerName>תנובה</ManufacturerName>
      <ManufactureCountry>IL</ManufactureCountry>
      <ManufacturerItemDescription>גבינת עמק פרוס</ManufacturerItemDescription>
      <UnitQty>גרמים</UnitQty>
      <Quantity>400.00</Quantity>
      <bIsWeighted>0</bIsWeighted>
      <UnitOfMeasure>100 גרם</UnitOfMeasure>
      <QtyInPackage>0</QtyInPackage>
      <ItemPrice>30.30</ItemPrice>
      <UnitOfMeasurePrice>7.58</UnitOfMeasurePrice>
      <AllowDiscount>1</AllowDiscount>
      <ItemStatus>1</ItemStatus>
    </Item>
    <Item>
      <PriceUpdateDate>2018-09-12 14:25</PriceUpdateDate>
      <ItemCode>7290004126674</ItemCode>
      <ItemType>1</ItemType>
      <ItemName>גבינה טל העמק לייט 200גר</ItemName>
      <ManufacturerName>תנובה</ManufacturerName>
      <ManufactureCountry>IL</ManufactureCountry>
      <ManufacturerItemDescription>גבינה טל העמק</ManufacturerItemDescription>
      <UnitQty>גרמים</UnitQty>
      <Quantity>200.00</Quantity>
      <bIsWeighted>0</bIsWeighted>
      <UnitOfMeasure>100 גרם</UnitOfMeasure>
      <QtyInPackage>0</QtyInPackage>
      <ItemPrice>18.80</ItemPrice>
      <UnitOfMeasurePrice>9.40</UnitOfMeasurePrice>
      <AllowDiscount>1</AllowDiscount>
      <ItemStatus>1</ItemStatus>
    </Item>
    <Item>
      <PriceUpdateDate>2013-12-22 10:38</PriceUpdateDate>
      <ItemCode>7290004126759</ItemCode>
      <ItemType>1</ItemType>
      <ItemName>יופלה פירות יער0% 150 גר</ItemName>
      <ManufacturerName>תנובה בעמ</ManufacturerName>
      <ManufactureCountry>IL</ManufactureCountry>
      <ManufacturerItemDescription>יופלה דיאט</ManufacturerItemDescription>
      <UnitQty>גרמים</UnitQty>
      <Quantity>150.00</Quantity>
      <bIsWeighted>0</bIsWeighted>
      <UnitOfMeasure>100 גרם</UnitOfMeasure>
      <QtyInPackage>0</QtyInPackage>
      <ItemPrice>5.20</ItemPrice>
      <UnitOfMeasurePrice>3.47</UnitOfMeasurePrice>
      <AllowDiscount>1</AllowDiscount>
      <ItemStatus>1</ItemStatus>
    </Item>
    <Item>
      <PriceUpdateDate>2018-09-12 14:25</PriceUpdateDate>
      <ItemCode>7290004126872</ItemCode>
      <ItemType>1</ItemType>
      <ItemName>שוקו תנובה בקבוק 250 מ"ל</ItemName>
      <ManufacturerName>תנובה</ManufacturerName>
      <ManufactureCountry>IL</ManufactureCountry>
      <ManufacturerItemDescription>שוקו בקבוק</ManufacturerItemDescription>
      <UnitQty>מיליליטרים</UnitQty>
      <Quantity>250.00</Quantity>
      <bIsWeighted>0</bIsWeighted>
      <UnitOfMeasure>100 מ"ל</UnitOfMeasure>
      <QtyInPackage>0</QtyInPackage>
      <ItemPrice>5.80</ItemPrice>
      <UnitOfMeasurePrice>2.32</UnitOfMeasurePrice>
      <AllowDiscount>1</AllowDiscount>
      <ItemStatus>1</ItemStatus>
    </Item>
    <Item>
      <PriceUpdateDate>2016-02-29 07:57</PriceUpdateDate>
      <ItemCode>7290004127077</ItemCode>
      <ItemType>1</ItemType>
      <ItemName>קוטג' תנובה 3% שומן 250</ItemName>
      <ManufacturerName>מחלבת אלון תבור</ManufacturerName>
      <ManufactureCountry>IL</ManufactureCountry>
      <ManufacturerItemDescription>קוטג' 3% שומן</ManufacturerItemDescription>
      <UnitQty>גרמים</UnitQty>
      <Quantity>250.00</Quantity>
      <bIsWeighted>0</bIsWeighted>
      <UnitOfMeasure>100 גרם</UnitOfMeasure>
      <QtyInPackage>0</QtyInPackage>
      <ItemPrice>5.70</ItemPrice>
      <UnitOfMeasurePrice>2.28</UnitOfMeasurePrice>
      <AllowDiscount>1</AllowDiscount>
      <ItemStatus>1</ItemStatus>
    </Item>
    <Item>
      <PriceUpdateDate>2016-02-29 07:57</PriceUpdateDate>
      <ItemCode>7290004127329</ItemCode>
      <ItemType>1</ItemType>
      <ItemName>קוטג' 5% 250 גרם בעלז</ItemName>
      <ManufacturerName>מחלבת אלון תבור</ManufacturerName>
      <ManufactureCountry>IL</ManufactureCountry>
      <ManufacturerItemDescription>קוטג' תנובה 5%</ManufacturerItemDescription>
      <UnitQty>גרמים</UnitQty>
      <Quantity>250.00</Quantity>
      <bIsWeighted>0</bIsWeighted>
      <UnitOfMeasure>100 גרם</UnitOfMeasure>
      <QtyInPackage>0</QtyInPackage>
      <ItemPrice>5.70</ItemPrice>
      <UnitOfMeasurePrice>2.28</UnitOfMeasurePrice>
      <AllowDiscount>1</AllowDiscount>
      <ItemStatus>1</ItemStatus>
    </Item>
    <Item>
      <PriceUpdateDate>2016-02-29 07:57</PriceUpdateDate>
      <ItemCode>7290004127336</ItemCode>
      <ItemType>1</ItemType>
      <ItemName>קוטג' תנובה 9% שומן 250ג</ItemName>
      <ManufacturerName>מחלבת אלון תבור</ManufacturerName>
      <ManufactureCountry>IL</ManufactureCountry>
      <ManufacturerItemDescription>קוטג' תנובה 9%</ManufacturerItemDescription>
      <UnitQty>גרמים</UnitQty>
      <Quantity>250.00</Quantity>
      <bIsWeighted>0</bIsWeighted>
      <UnitOfMeasure>100 גרם</UnitOfMeasure>
      <QtyInPackage>0</QtyInPackage>
      <ItemPrice>5.70</ItemPrice>
      <UnitOfMeasurePrice>2.28</UnitOfMeasurePrice>
      <AllowDiscount>1</AllowDiscount>
      <ItemStatus>1</ItemStatus>
    </Item>
    <Item>
      <PriceUpdateDate>2019-06-19 08:00</PriceUpdateDate>
      <ItemCode>7290004127800</ItemCode>
      <ItemType>1</ItemType>
      <ItemName>גב.לבנה 5% שומן 500 גרם</ItemName>
      <ManufacturerName>מחלבת אלון תבור</ManufacturerName>
      <ManufactureCountry>IL</ManufactureCountry>
      <ManufacturerItemDescription>גבינה לבנה 5%</ManufacturerItemDescription>
      <UnitQty>גרמים</UnitQty>
      <Quantity>500.00</Quantity>
      <bIsWeighted>0</bIsWeighted>
      <UnitOfMeasure>100 גרם</UnitOfMeasure>
      <QtyInPackage>0</QtyInPackage>
      <ItemPrice>9.50</ItemPrice>
      <UnitOfMeasurePrice>1.90</UnitOfMeasurePrice>
      <AllowDiscount>1</AllowDiscount>
      <ItemStatus>1</ItemStatus>
    </Item>
    <Item>
      <PriceUpdateDate>2019-11-11 07:48</PriceUpdateDate>
      <ItemCode>7290004127817</ItemCode>
      <ItemType>1</ItemType>
      <ItemName>גב.לבנה 9% שומן 500 גרם</ItemName>
      <ManufacturerName>מחלבת אלון תבור</ManufacturerName>
      <ManufactureCountry>IL</ManufactureCountry>
      <ManufacturerItemDescription>גבינה לבנה 9%</ManufacturerItemDescription>
      <UnitQty>גרמים</UnitQty>
      <Quantity>500.00</Quantity>
      <bIsWeighted>0</bIsWeighted>
      <UnitOfMeasure>100 גרם</UnitOfMeasure>
      <QtyInPackage>0</QtyInPackage>
      <ItemPrice>9.50</ItemPrice>
      <UnitOfMeasurePrice>1.90</UnitOfMeasurePrice>
      <AllowDiscount>1</AllowDiscount>
      <ItemStatus>1</ItemStatus>
    </Item>
    <Item>
      <PriceUpdateDate>2018-09-12 14:25</PriceUpdateDate>
      <ItemCode>7290004129101</ItemCode>
      <ItemType>1</ItemType>
      <ItemName>גב.נפולאון טעם טבעי 225ג</ItemName>
      <ManufacturerName>מחלבת אלון תבור</ManufacturerName>
      <ManufactureCountry>IL</ManufactureCountry>
      <ManufacturerItemDescription>גבינת נפוליאון</ManufacturerItemDescription>
      <UnitQty>גרמים</UnitQty>
      <Quantity>225.00</Quantity>
      <bIsWeighted>0</bIsWeighted>
      <UnitOfMeasure>100 גרם</UnitOfMeasure>
      <QtyInPackage>0</QtyInPackage>
      <ItemPrice>15.00</ItemPrice>
      <UnitOfMeasurePrice>6.67</UnitOfMeasurePrice>
      <AllowDiscount>1</AllowDiscount>
      <ItemStatus>1</ItemStatus>
    </Item>
    <Item>
      <PriceUpdateDate>2018-09-12 14:25</PriceUpdateDate>
      <ItemCode>7290004129118</ItemCode>
      <ItemType>1</ItemType>
      <ItemName>גב.נפולאון טעם זיתים225ג</ItemName>
      <ManufacturerName>מחלבת אלון תבור</ManufacturerName>
      <ManufactureCountry>IL</ManufactureCountry>
      <ManufacturerItemDescription>גבינת נפוליאון</ManufacturerItemDescription>
      <UnitQty>גרמים</UnitQty>
      <Quantity>225.00</Quantity>
      <bIsWeighted>0</bIsWeighted>
      <UnitOfMeasure>100 גרם</UnitOfMeasure>
      <QtyInPackage>0</QtyInPackage>
      <ItemPrice>15.00</ItemPrice>
      <UnitOfMeasurePrice>6.67</UnitOfMeasurePrice>
      <AllowDiscount>1</AllowDiscount>
      <ItemStatus>1</ItemStatus>
    </Item>
    <Item>
      <PriceUpdateDate>2018-09-12 14:25</PriceUpdateDate>
      <ItemCode>7290004129156</ItemCode>
      <ItemType>1</ItemType>
      <ItemName>גב.נפולאון שום-שמיר 225ג</ItemName>
      <ManufacturerName>מחלבת אלון תבור</ManufacturerName>
      <ManufactureCountry>IL</ManufactureCountry>
      <ManufacturerItemDescription>גבינת נפוליאון</ManufacturerItemDescription>
      <UnitQty>גרמים</UnitQty>
      <Quantity>225.00</Quantity>
      <bIsWeighted>0</bIsWeighted>
      <UnitOfMeasure>100 גרם</UnitOfMeasure>
      <QtyInPackage>0</QtyInPackage>
      <ItemPrice>15.00</ItemPrice>
      <UnitOfMeasurePrice>6.67</UnitOfMeasurePrice>
      <AllowDiscount>1</AllowDiscount>
      <ItemStatus>1</ItemStatus>
    </Item>
    <Item>
      <PriceUpdateDate>2019-11-11 07:48</PriceUpdateDate>
      <ItemCode>7290004129545</ItemCode>
      <ItemType>1</ItemType>
      <ItemName>גבינה למריחה 3% 250 גרם</ItemName>
      <ManufacturerName>מחלבת אלון תבור</ManufacturerName>
      <ManufactureCountry>IL</ManufactureCountry>
      <ManufacturerItemDescription>גבינה לבנה 3%</ManufacturerItemDescription>
      <UnitQty>גרמים</UnitQty>
      <Quantity>250.00</Quantity>
      <bIsWeighted>0</bIsWeighted>
      <UnitOfMeasure>100 גרם</UnitOfMeasure>
      <QtyInPackage>0</QtyInPackage>
      <ItemPrice>4.80</ItemPrice>
      <UnitOfMeasurePrice>1.92</UnitOfMeasurePrice>
      <AllowDiscount>1</AllowDiscount>
      <ItemStatus>1</ItemStatus>
    </Item>
    <Item>
      <PriceUpdateDate>2017-02-07 07:17</PriceUpdateDate>
      <ItemCode>7290004130794</ItemCode>
      <ItemType>1</ItemType>
      <ItemName>משקה סויה במתיקות מופחתת</ItemName>
      <ManufacturerName>סוי מג'יק</ManufacturerName>
      <ManufactureCountry>IL</ManufactureCountry>
      <ManufacturerItemDescription>משקה סויה</ManufacturerItemDescription>
      <UnitQty>ליטרים</UnitQty>
      <Quantity>1.00</Quantity>
      <bIsWeighted>0</bIsWeighted>
      <UnitOfMeasure>ליטר</UnitOfMeasure>
      <QtyInPackage>0</QtyInPackage>
      <ItemPrice>11.50</ItemPrice>
      <UnitOfMeasurePrice>11.50</UnitOfMeasurePrice>
      <AllowDiscount>1</AllowDiscount>
      <ItemStatus>1</ItemStatus>
    </Item>
    <Item>
      <PriceUpdateDate>2019-06-19 08:00</PriceUpdateDate>
      <ItemCode>7290004131074</ItemCode>
      <ItemType>1</ItemType>
      <ItemName>חלב בקרטון 3% שומן 1 ל'</ItemName>
      <ManufacturerName>---</ManufacturerName>
      <ManufactureCountry>IL</ManufactureCountry>
      <ManufacturerItemDescription>חלב בקרטון 3%</ManufacturerItemDescription>
      <UnitQty>ליטרים</UnitQty>
      <Quantity>1.00</Quantity>
      <bIsWeighted>0</bIsWeighted>
      <UnitOfMeasure>ליטר</UnitOfMeasure>
      <QtyInPackage>0</QtyInPackage>
      <ItemPrice>5.94</ItemPrice>
      <UnitOfMeasurePrice>5.94</UnitOfMeasurePrice>
      <AllowDiscount>1</AllowDiscount>
      <ItemStatus>1</ItemStatus>
    </Item>
    <Item>
      <PriceUpdateDate>2018-09-12 14:25</PriceUpdateDate>
      <ItemCode>7290004131432</ItemCode>
      <ItemType>1</ItemType>
      <ItemName>יופלה ביו לבן 3% 200 גרם</ItemName>
      <ManufacturerName>מחלבת אלון תבור</ManufacturerName>
      <ManufactureCountry>IL</ManufactureCountry>
      <ManufacturerItemDescription>יופלה לבן 3%</ManufacturerItemDescription>
      <UnitQty>גרמים</UnitQty>
      <Quantity>200.00</Quantity>
      <bIsWeighted>0</bIsWeighted>
      <UnitOfMeasure>100 גרם</UnitOfMeasure>
      <QtyInPackage>0</QtyInPackage>
      <ItemPrice>4.00</ItemPrice>
      <UnitOfMeasurePrice>2.00</UnitOfMeasurePrice>
      <AllowDiscount>1</AllowDiscount>
      <ItemStatus>1</ItemStatus>
    </Item>
    <Item>
      <PriceUpdateDate>2018-09-12 14:25</PriceUpdateDate>
      <ItemCode>7290004131456</ItemCode>
      <ItemType>1</ItemType>
      <ItemName>יופלה לבן 1.5% 200 גרם</ItemName>
      <ManufacturerName>מחלבת אלון תבור</ManufacturerName>
      <ManufactureCountry>IL</ManufactureCountry>
      <ManufacturerItemDescription>יופלה לבן 1.5%</ManufacturerItemDescription>
      <UnitQty>גרמים</UnitQty>
      <Quantity>200.00</Quantity>
      <bIsWeighted>0</bIsWeighted>
      <UnitOfMeasure>100 גרם</UnitOfMeasure>
      <QtyInPackage>0</QtyInPackage>
      <ItemPrice>4.00</ItemPrice>
      <UnitOfMeasurePrice>2.00</UnitOfMeasurePrice>
      <AllowDiscount>1</AllowDiscount>
      <ItemStatus>1</ItemStatus>
    </Item>
    <Item>
      <PriceUpdateDate>2018-09-12 14:25</PriceUpdateDate>
      <ItemCode>7290004131531</ItemCode>
      <ItemType>1</ItemType>
      <ItemName>שוקו תנובה בקבוק 1 ליטר</ItemName>
      <ManufacturerName>תנובה</ManufacturerName>
      <ManufactureCountry>IL</ManufactureCountry>
      <ManufacturerItemDescription>שוקו בקבוק</ManufacturerItemDescription>
      <UnitQty>ליטרים</UnitQty>
      <Quantity>1.00</Quantity>
      <bIsWeighted>0</bIsWeighted>
      <UnitOfMeasure>ליטר</UnitOfMeasure>
      <QtyInPackage>0</QtyInPackage>
      <ItemPrice>13.20</ItemPrice>
      <UnitOfMeasurePrice>13.20</UnitOfMeasurePrice>
      <AllowDiscount>1</AllowDiscount>
      <ItemStatus>1</ItemStatus>
    </Item>
    <Item>
      <PriceUpdateDate>2019-08-13 08:20</PriceUpdateDate>
      <ItemCode>7290004131814</ItemCode>
      <ItemType>1</ItemType>
      <ItemName>פיראוס צפתית מעוד5% 200ג</ItemName>
      <ManufacturerName>תנובה</ManufacturerName>
      <ManufactureCountry>IL</ManufactureCountry>
      <ManufacturerItemDescription>פיראוס צפתית5%</ManufacturerItemDescription>
      <UnitQty>גרמים</UnitQty>
      <Quantity>200.00</Quantity>
      <bIsWeighted>0</bIsWeighted>
      <UnitOfMeasure>100 גרם</UnitOfMeasure>
      <QtyInPackage>0</QtyInPackage>
      <ItemPrice>15.90</ItemPrice>
      <UnitOfMeasurePrice>7.95</UnitOfMeasurePrice>
      <AllowDiscount>1</AllowDiscount>
      <ItemStatus>1</ItemStatus>
    </Item>
    <Item>
      <PriceUpdateDate>2016-03-04 07:26</PriceUpdateDate>
      <ItemCode>7290004132552</ItemCode>
      <ItemType>1</ItemType>
      <ItemName>משקה סויה לייט 1ל</ItemName>
      <ManufacturerName>סוי מג'יק</ManufacturerName>
      <ManufactureCountry>IL</ManufactureCountry>
      <ManufacturerItemDescription>משקה סויה</ManufacturerItemDescription>
      <UnitQty>ליטרים</UnitQty>
      <Quantity>1.00</Quantity>
      <bIsWeighted>0</bIsWeighted>
      <UnitOfMeasure>ליטר</UnitOfMeasure>
      <QtyInPackage>0</QtyInPackage>
      <ItemPrice>11.90</ItemPrice>
      <UnitOfMeasurePrice>11.90</UnitOfMeasurePrice>
      <AllowDiscount>1</AllowDiscount>
      <ItemStatus>1</ItemStatus>
    </Item>
    <Item>
      <PriceUpdateDate>2018-09-12 14:25</PriceUpdateDate>
      <ItemCode>7290004133207</ItemCode>
      <ItemType>1</ItemType>
      <ItemName>יופלה לבן 0% שומן 200גרם</ItemName>
      <ManufacturerName>מחלבת אלון תבור</ManufacturerName>
      <ManufactureCountry>IL</ManufactureCountry>
      <ManufacturerItemDescription>יופלה לבן 0%שומן</ManufacturerItemDescription>
      <UnitQty>גרמים</UnitQty>
      <Quantity>200.00</Quantity>
      <bIsWeighted>0</bIsWeighted>
      <UnitOfMeasure>100 גרם</UnitOfMeasure>
      <QtyInPackage>0</QtyInPackage>
      <ItemPrice>4.00</ItemPrice>
      <UnitOfMeasurePrice>2.00</UnitOfMeasurePrice>
      <AllowDiscount>1</AllowDiscount>
      <ItemStatus>1</ItemStatus>
    </Item>
    <Item>
      <PriceUpdateDate>2015-09-30 08:11</PriceUpdateDate>
      <ItemCode>7290004133900</ItemCode>
      <ItemType>1</ItemType>
      <ItemName>קצפת צמחית השף הלבן250מל</ItemName>
      <ManufacturerName>סוי מג'יק</ManufacturerName>
      <ManufactureCountry>IL</ManufactureCountry>
      <ManufacturerItemDescription>קצפת צמחית</ManufacturerItemDescription>
      <UnitQty>מיליליטרים</UnitQty>
      <Quantity>250.00</Quantity>
      <bIsWeighted>0</bIsWeighted>
      <UnitOfMeasure>100 מ"ל</UnitOfMeasure>
      <QtyInPackage>0</QtyInPackage>
      <ItemPrice>9.40</ItemPrice>
      <UnitOfMeasurePrice>3.76</UnitOfMeasurePrice>
      <AllowDiscount>1</AllowDiscount>
      <ItemStatus>1</ItemStatus>
    </Item>
    <Item>
      <PriceUpdateDate>2018-09-12 14:25</PriceUpdateDate>
      <ItemCode>7290004135225</ItemCode>
      <ItemType>1</ItemType>
      <ItemName>מעדן דיאט שוקולד0.2% 150</ItemName>
      <ManufacturerName>מחלבת אלון תבור</ManufacturerName>
      <ManufactureCountry>IL</ManufactureCountry>
      <ManufacturerItemDescription>מעדן דיאט שוקולד</ManufacturerItemDescription>
      <UnitQty>גרמים</UnitQty>
      <Quantity>150.00</Quantity>
      <bIsWeighted>0</bIsWeighted>
      <UnitOfMeasure>100 גרם</UnitOfMeasure>
      <QtyInPackage>0</QtyInPackage>
      <ItemPrice>4.00</ItemPrice>
      <UnitOfMeasurePrice>2.67</UnitOfMeasurePrice>
      <AllowDiscount>1</AllowDiscount>
      <ItemStatus>1</ItemStatus>
    </Item>
    <Item>
      <PriceUpdateDate>2018-09-12 14:25</PriceUpdateDate>
      <ItemCode>7290004135614</ItemCode>
      <ItemType>1</ItemType>
      <ItemName>בולג.מעוד.פיראוס 5% 250ג</ItemName>
      <ManufacturerName>תנובה</ManufacturerName>
      <ManufactureCountry>IL</ManufactureCountry>
      <ManufacturerItemDescription>בולגרית פיראוס5%</ManufacturerItemDescription>
      <UnitQty>גרמים</UnitQty>
      <Quantity>250.00</Quantity>
      <bIsWeighted>0</bIsWeighted>
      <UnitOfMeasure>100 גרם</UnitOfMeasure>
      <QtyInPackage>0</QtyInPackage>
      <ItemPrice>22.60</ItemPrice>
      <UnitOfMeasurePrice>9.04</UnitOfMeasurePrice>
      <AllowDiscount>1</AllowDiscount>
      <ItemStatus>1</ItemStatus>
    </Item>
    <Item>
      <PriceUpdateDate>2014-07-22 06:43</PriceUpdateDate>
      <ItemCode>7290004136857</ItemCode>
      <ItemType>1</ItemType>
      <ItemName>מעדן ג'לי פטל 125 גרם</ItemName>
      <ManufacturerName>סוי מג'יק</ManufacturerName>
      <ManufactureCountry>IL</ManufactureCountry>
      <ManufacturerItemDescription>מעדן ג'לי פטל</ManufacturerItemDescription>
      <UnitQty>גרמים</UnitQty>
      <Quantity>125.00</Quantity>
      <bIsWeighted>0</bIsWeighted>
      <UnitOfMeasure>100 גרם</UnitOfMeasure>
      <QtyInPackage>0</QtyInPackage>
      <ItemPrice>2.70</ItemPrice>
      <UnitOfMeasurePrice>2.16</UnitOfMeasurePrice>
      <AllowDiscount>1</AllowDiscount>
      <ItemStatus>1</ItemStatus>
    </Item>
    <Item>
      <PriceUpdateDate>2013-12-22 10:38</PriceUpdateDate>
      <ItemCode>7290004136871</ItemCode>
      <ItemType>1</ItemType>
      <ItemName>מעדן ג'לי אפרסק+חתיכ125.</ItemName>
      <ManufacturerName>סוי מג'יק</ManufacturerName>
      <ManufactureCountry>IL</ManufactureCountry>
      <ManufacturerItemDescription>מעדן ג'לי אפרסק</ManufacturerItemDescription>
      <UnitQty>גרמים</UnitQty>
      <Quantity>125.00</Quantity>
      <bIsWeighted>0</bIsWeighted>
      <UnitOfMeasure>100 גרם</UnitOfMeasure>
      <QtyInPackage>0</QtyInPackage>
      <ItemPrice>2.90</ItemPrice>
      <UnitOfMeasurePrice>2.32</UnitOfMeasurePrice>
      <AllowDiscount>1</AllowDiscount>
      <ItemStatus>1</ItemStatus>
    </Item>
    <Item>
      <PriceUpdateDate>2018-09-12 14:25</PriceUpdateDate>
      <ItemCode>7290004137021</ItemCode>
      <ItemType>1</ItemType>
      <ItemName>שמנת לבישול 10%שומן250מ</ItemName>
      <ManufacturerName>תנובה</ManufacturerName>
      <ManufactureCountry>IL</ManufactureCountry>
      <ManufacturerItemDescription>שמנת לבישול10%</ManufacturerItemDescription>
      <UnitQty>מיליליטרים</UnitQty>
      <Quantity>250.00</Quantity>
      <bIsWeighted>0</bIsWeighted>
      <UnitOfMeasure>100 מ"ל</UnitOfMeasure>
      <QtyInPackage>0</QtyInPackage>
      <ItemPrice>8.30</ItemPrice>
      <UnitOfMeasurePrice>3.32</UnitOfMeasurePrice>
      <AllowDiscount>1</AllowDiscount>
      <ItemStatus>1</ItemStatus>
    </Item>
    <Item>
      <PriceUpdateDate>2018-09-12 14:25</PriceUpdateDate>
      <ItemCode>7290004137311</ItemCode>
      <ItemType>1</ItemType>
      <ItemName>גבינת עמק 9% 400 גרם</ItemName>
      <ManufacturerName>תנובה</ManufacturerName>
      <ManufactureCountry>IL</ManufactureCountry>
      <ManufacturerItemDescription>גבינת עמק 9%</ManufacturerItemDescription>
      <UnitQty>גרמים</UnitQty>
      <Quantity>400.00</Quantity>
      <bIsWeighted>0</bIsWeighted>
      <UnitOfMeasure>100 גרם</UnitOfMeasure>
      <QtyInPackage>0</QtyInPackage>
      <ItemPrice>30.90</ItemPrice>
      <UnitOfMeasurePrice>7.73</UnitOfMeasurePrice>
      <AllowDiscount>1</AllowDiscount>
      <ItemStatus>1</ItemStatus>
    </Item>
    <Item>
      <PriceUpdateDate>2014-07-30 07:03</PriceUpdateDate>
      <ItemCode>7290004554293</ItemCode>
      <ItemType>1</ItemType>
      <ItemName>קרחון אסקימו ענבים</ItemName>
      <ManufacturerName>שטראוס</ManufacturerName>
      <ManufactureCountry>IL</ManufactureCountry>
      <ManufacturerItemDescription>קרחון אסקימו</ManufacturerItemDescription>
      <UnitQty>יחידה</UnitQty>
      <Quantity>1.00</Quantity>
      <bIsWeighted>0</bIsWeighted>
      <UnitOfMeasure>יחידה</UnitOfMeasure>
      <QtyInPackage>0</QtyInPackage>
      <ItemPrice>3.00</ItemPrice>
      <UnitOfMeasurePrice>3.00</UnitOfMeasurePrice>
      <AllowDiscount>1</AllowDiscount>
      <ItemStatus>1</ItemStatus>
    </Item>
    <Item>
      <PriceUpdateDate>2014-07-30 07:03</PriceUpdateDate>
      <ItemCode>7290004554781</ItemCode>
      <ItemType>1</ItemType>
      <ItemName>אסקימו לימון יח</ItemName>
      <ManufacturerName>שטראוס</ManufacturerName>
      <ManufactureCountry>IL</ManufactureCountry>
      <ManufacturerItemDescription>אסקימו לימון יח</ManufacturerItemDescription>
      <UnitQty>יחידה</UnitQty>
      <Quantity>1.00</Quantity>
      <bIsWeighted>0</bIsWeighted>
      <UnitOfMeasure>יחידה</UnitOfMeasure>
      <QtyInPackage>0</QtyInPackage>
      <ItemPrice>3.00</ItemPrice>
      <UnitOfMeasurePrice>3.00</UnitOfMeasurePrice>
      <AllowDiscount>1</AllowDiscount>
      <ItemStatus>1</ItemStatus>
    </Item>
    <Item>
      <PriceUpdateDate>2016-01-05 06:48</PriceUpdateDate>
      <ItemCode>7290004584306</ItemCode>
      <ItemType>1</ItemType>
      <ItemName>סופר גמדים תות בננה100*4</ItemName>
      <ManufacturerName>שטראוס</ManufacturerName>
      <ManufactureCountry>IL</ManufactureCountry>
      <ManufacturerItemDescription>סופר גמדים 4 יח</ManufacturerItemDescription>
      <UnitQty>גרמים</UnitQty>
      <Quantity>400.00</Quantity>
      <bIsWeighted>0</bIsWeighted>
      <UnitOfMeasure>100 גרם</UnitOfMeasure>
      <QtyInPackage>0</QtyInPackage>
      <ItemPrice>11.90</ItemPrice>
      <UnitOfMeasurePrice>2.98</UnitOfMeasurePrice>
      <AllowDiscount>1</AllowDiscount>
      <ItemStatus>1</ItemStatus>
    </Item>
    <Item>
      <PriceUpdateDate>2016-06-13 07:07</PriceUpdateDate>
      <ItemCode>7290004584351</ItemCode>
      <ItemType>1</ItemType>
      <ItemName>גב.סימפוניה 5% 200 גרם</ItemName>
      <ManufacturerName>שטראוס בריאות בע"\מ</ManufacturerName>
      <ManufactureCountry>IL</ManufactureCountry>
      <ManufacturerItemDescription>גבינת סימפוניה</ManufacturerItemDescription>
      <UnitQty>גרמים</UnitQty>
      <Quantity>200.00</Quantity>
      <bIsWeighted>0</bIsWeighted>
      <UnitOfMeasure>100 גרם</UnitOfMeasure>
      <QtyInPackage>0</QtyInPackage>
      <ItemPrice>12.40</ItemPrice>
      <UnitOfMeasurePrice>6.20</UnitOfMeasurePrice>
      <AllowDiscount>1</AllowDiscount>
      <ItemStatus>1</ItemStatus>
    </Item>
    <Item>
      <PriceUpdateDate>2013-12-22 10:38</PriceUpdateDate>
      <ItemCode>7290004584528</ItemCode>
      <ItemType>1</ItemType>
      <ItemName>יוגורט ביו 1.7%דנונה200ג</ItemName>
      <ManufacturerName>שטראוס בריאות בע"\מ</ManufacturerName>
      <ManufactureCountry>IL</ManufactureCountry>
      <ManufacturerItemDescription>יוגורט ביו 1.7%</ManufacturerItemDescription>
      <UnitQty>גרמים</UnitQty>
      <Quantity>200.00</Quantity>
      <bIsWeighted>0</bIsWeighted>
      <UnitOfMeasure>100 גרם</UnitOfMeasure>
      <QtyInPackage>0</QtyInPackage>
      <ItemPrice>3.70</ItemPrice>
      <UnitOfMeasurePrice>1.85</UnitOfMeasurePrice>
      <AllowDiscount>1</AllowDiscount>
      <ItemStatus>1</ItemStatus>
    </Item>
    <Item>
      <PriceUpdateDate>2013-12-22 10:38</PriceUpdateDate>
      <ItemCode>7290004585907</ItemCode>
      <ItemType>1</ItemType>
      <ItemName>דני וניל 1.5% שומן 125 ג</ItemName>
      <ManufacturerName>שטראוס גרופ בע"\מ</ManufacturerName>
      <ManufactureCountry>IL</ManufactureCountry>
      <ManufacturerItemDescription>דני וניל 1.5%</ManufacturerItemDescription>
      <UnitQty>גרמים</UnitQty>
      <Quantity>125.00</Quantity>
      <bIsWeighted>0</bIsWeighted>
      <UnitOfMeasure>100 גרם</UnitOfMeasure>
      <QtyInPackage>0</QtyInPackage>
      <ItemPrice>2.70</ItemPrice>
      <UnitOfMeasurePrice>2.16</UnitOfMeasurePrice>
      <AllowDiscount>1</AllowDiscount>
      <ItemStatus>1</ItemStatus>
    </Item>
    <Item>
      <PriceUpdateDate>2020-10-10 18:30</PriceUpdateDate>
      <ItemCode>7290004658960</ItemCode>
      <ItemType>1</ItemType>
      <ItemName>אמרלד ריזלינג P.C 750מ"ל</ItemName>
      <ManufacturerName>יקבי כרמל</ManufacturerName>
      <ManufactureCountry>IL</ManufactureCountry>
      <ManufacturerItemDescription>אמרלד ריזלינג</ManufacturerItemDescription>
      <UnitQty>מיליליטרים</UnitQty>
      <Quantity>750.00</Quantity>
      <bIsWeighted>0</bIsWeighted>
      <UnitOfMeasure>100 מ"ל</UnitOfMeasure>
      <QtyInPackage>0</QtyInPackage>
      <ItemPrice>39.90</ItemPrice>
      <UnitOfMeasurePrice>5.32</UnitOfMeasurePrice>
      <AllowDiscount>1</AllowDiscount>
      <ItemStatus>1</ItemStatus>
    </Item>
    <Item>
      <PriceUpdateDate>2020-10-10 18:30</PriceUpdateDate>
      <ItemCode>7290004685010</ItemCode>
      <ItemType>1</ItemType>
      <ItemName>לחם 100% שיפון קל 500 גר</ItemName>
      <ManufacturerName>י.את.א.ברמן בע"\מ</ManufacturerName>
      <ManufactureCountry>IL</ManufactureCountry>
      <ManufacturerItemDescription>לחם שיפון קל</ManufacturerItemDescription>
      <UnitQty>גרמים</UnitQty>
      <Quantity>500.00</Quantity>
      <bIsWeighted>0</bIsWeighted>
      <UnitOfMeasure>100 גרם</UnitOfMeasure>
      <QtyInPackage>0</QtyInPackage>
      <ItemPrice>13.90</ItemPrice>
      <UnitOfMeasurePrice>2.78</UnitOfMeasurePrice>
      <AllowDiscount>1</AllowDiscount>
      <ItemStatus>1</ItemStatus>
    </Item>
    <Item>
      <PriceUpdateDate>2020-10-10 18:30</PriceUpdateDate>
      <ItemCode>7290004685089</ItemCode>
      <ItemType>1</ItemType>
      <ItemName>לחם חמניות 500 גרם</ItemName>
      <ManufacturerName>מאפית ברמן</ManufacturerName>
      <ManufactureCountry>IL</ManufactureCountry>
      <ManufacturerItemDescription>לחם חמניות</ManufacturerItemDescription>
      <UnitQty>גרמים</UnitQty>
      <Quantity>500.00</Quantity>
      <bIsWeighted>0</bIsWeighted>
      <UnitOfMeasure>100 גרם</UnitOfMeasure>
      <QtyInPackage>0</QtyInPackage>
      <ItemPrice>13.90</ItemPrice>
      <UnitOfMeasurePrice>2.78</UnitOfMeasurePrice>
      <AllowDiscount>1</AllowDiscount>
      <ItemStatus>1</ItemStatus>
    </Item>
    <Item>
      <PriceUpdateDate>2020-10-10 18:30</PriceUpdateDate>
      <ItemCode>7290004685157</ItemCode>
      <ItemType>1</ItemType>
      <ItemName>לחם שיפון 100%פרוס 750ג</ItemName>
      <ManufacturerName>י.את.א.ברמן בע"\מ</ManufacturerName>
      <ManufactureCountry>IL</ManufactureCountry>
      <ManufacturerItemDescription>לחם שיפון פרוס</ManufacturerItemDescription>
      <UnitQty>גרמים</UnitQty>
      <Quantity>750.00</Quantity>
      <bIsWeighted>0</bIsWeighted>
      <UnitOfMeasure>100 גרם</UnitOfMeasure>
      <QtyInPackage>0</QtyInPackage>
      <ItemPrice>13.90</ItemPrice>
      <UnitOfMeasurePrice>1.85</UnitOfMeasurePrice>
      <AllowDiscount>1</AllowDiscount>
      <ItemStatus>1</ItemStatus>
    </Item>
    <Item>
      <PriceUpdateDate>2020-10-10 18:30</PriceUpdateDate>
      <ItemCode>7290004685232</ItemCode>
      <ItemType>1</ItemType>
      <ItemName>לחם שאור ללא שמרים 750גר</ItemName>
      <ManufacturerName>י.את.א.ברמן בע"\מ</ManufacturerName>
      <ManufactureCountry>IL</ManufactureCountry>
      <ManufacturerItemDescription>לחם הארץ שאור</ManufacturerItemDescription>
      <UnitQty>גרמים</UnitQty>
      <Quantity>750.00</Quantity>
      <bIsWeighted>0</bIsWeighted>
      <UnitOfMeasure>100 גרם</UnitOfMeasure>
      <QtyInPackage>0</QtyInPackage>
      <ItemPrice>13.90</ItemPrice>
      <UnitOfMeasurePrice>1.85</UnitOfMeasurePrice>
      <AllowDiscount>1</AllowDiscount>
      <ItemStatus>1</ItemStatus>
    </Item>
    <Item>
      <PriceUpdateDate>2020-10-10 18:30</PriceUpdateDate>
      <ItemCode>7290004685430</ItemCode>
      <ItemType>1</ItemType>
      <ItemName>לחם הארץ כוסמין100% 500ג</ItemName>
      <ManufacturerName>י.את.א.ברמן בע"\מ</ManufacturerName>
      <ManufactureCountry>IL</ManufactureCountry>
      <ManufacturerItemDescription>לחם הארץ כוסמין</ManufacturerItemDescription>
      <UnitQty>גרמים</UnitQty>
      <Quantity>500.00</Quantity>
      <bIsWeighted>0</bIsWeighted>
      <UnitOfMeasure>100 גרם</UnitOfMeasure>
      <QtyInPackage>1</QtyInPackage>
      <ItemPrice>13.90</ItemPrice>
      <UnitOfMeasurePrice>2.78</UnitOfMeasurePrice>
      <AllowDiscount>1</AllowDiscount>
      <ItemStatus>1</ItemStatus>
    </Item>
    <Item>
      <PriceUpdateDate>2019-09-20 05:38</PriceUpdateDate>
      <ItemCode>7290004685447</ItemCode>
      <ItemType>1</ItemType>
      <ItemName>לחמניות כוסמין 6יח 450ג</ItemName>
      <ManufacturerName>י.את.א.ברמן בע"\מ</ManufacturerName>
      <ManufactureCountry>IL</ManufactureCountry>
      <ManufacturerItemDescription>לחמניות כוסמין</ManufacturerItemDescription>
      <UnitQty>גרמים</UnitQty>
      <Quantity>450.00</Quantity>
      <bIsWeighted>0</bIsWeighted>
      <UnitOfMeasure>100 גרם</UnitOfMeasure>
      <QtyInPackage>1</QtyInPackage>
      <ItemPrice>15.90</ItemPrice>
      <UnitOfMeasurePrice>3.53</UnitOfMeasurePrice>
      <AllowDiscount>1</AllowDiscount>
      <ItemStatus>1</ItemStatus>
    </Item>
    <Item>
      <PriceUpdateDate>2020-10-10 18:30</PriceUpdateDate>
      <ItemCode>7290004685454</ItemCode>
      <ItemType>1</ItemType>
      <ItemName>לחם 100% שיבולת שועל500ג</ItemName>
      <ManufacturerName>י.את.א.ברמן בע"\מ</ManufacturerName>
      <ManufactureCountry>IL</ManufactureCountry>
      <ManufacturerItemDescription>לחם שיבולת שועל</ManufacturerItemDescription>
      <UnitQty>גרמים</UnitQty>
      <Quantity>500.00</Quantity>
      <bIsWeighted>0</bIsWeighted>
      <UnitOfMeasure>100 גרם</UnitOfMeasure>
      <QtyInPackage>1</QtyInPackage>
      <ItemPrice>13.90</ItemPrice>
      <UnitOfMeasurePrice>2.78</UnitOfMeasurePrice>
      <AllowDiscount>1</AllowDiscount>
      <ItemStatus>1</ItemStatus>
    </Item>
    <Item>
      <PriceUpdateDate>2015-09-30 08:07</PriceUpdateDate>
      <ItemCode>7290004737900</ItemCode>
      <ItemType>1</ItemType>
      <ItemName>חלב כחוש מרוכז</ItemName>
      <ManufacturerName />
      <ManufactureCountry>LT</ManufactureCountry>
      <ManufacturerItemDescription>חלב כחוש מרוכז</ManufacturerItemDescription>
      <UnitQty>גרמים</UnitQty>
      <Quantity>397.00</Quantity>
      <bIsWeighted>0</bIsWeighted>
      <UnitOfMeasure>100 גרם</UnitOfMeasure>
      <QtyInPackage>0</QtyInPackage>
      <ItemPrice>10.20</ItemPrice>
      <UnitOfMeasurePrice>2.57</UnitOfMeasurePrice>
      <AllowDiscount>1</AllowDiscount>
      <ItemStatus>1</ItemStatus>
    </Item>
    <Item>
      <PriceUpdateDate>2013-12-24 06:32</PriceUpdateDate>
      <ItemCode>7290004872069</ItemCode>
      <ItemType>1</ItemType>
      <ItemName>שלגון קרח לימון</ItemName>
      <ManufacturerName>נסטלה</ManufacturerName>
      <ManufactureCountry>IL</ManufactureCountry>
      <ManufacturerItemDescription>שלגון קרח לימו</ManufacturerItemDescription>
      <UnitQty>יחידה</UnitQty>
      <Quantity>1.00</Quantity>
      <bIsWeighted>0</bIsWeighted>
      <UnitOfMeasure>יחידה</UnitOfMeasure>
      <QtyInPackage>0</QtyInPackage>
      <ItemPrice>3.00</ItemPrice>
      <UnitOfMeasurePrice>3.00</UnitOfMeasurePrice>
      <AllowDiscount>1</AllowDiscount>
      <ItemStatus>1</ItemStatus>
    </Item>
    <Item>
      <PriceUpdateDate>2015-01-12 07:50</PriceUpdateDate>
      <ItemCode>7290004872229</ItemCode>
      <ItemType>1</ItemType>
      <ItemName>שלגון שוקו מצופה</ItemName>
      <ManufacturerName>נסטלה</ManufacturerName>
      <ManufactureCountry>IL</ManufactureCountry>
      <ManufacturerItemDescription>שלגון שוקו מצו</ManufacturerItemDescription>
      <UnitQty>יחידה</UnitQty>
      <Quantity>1.00</Quantity>
      <bIsWeighted>0</bIsWeighted>
      <UnitOfMeasure>יחידה</UnitOfMeasure>
      <QtyInPackage>0</QtyInPackage>
      <ItemPrice>5.00</ItemPrice>
      <UnitOfMeasurePrice>5.00</UnitOfMeasurePrice>
      <AllowDiscount>1</AllowDiscount>
      <ItemStatus>1</ItemStatus>
    </Item>
    <Item>
      <PriceUpdateDate>2015-01-12 07:50</PriceUpdateDate>
      <ItemCode>7290004872243</ItemCode>
      <ItemType>1</ItemType>
      <ItemName>שלגון בננה מצופה</ItemName>
      <ManufacturerName>נסטלה</ManufacturerName>
      <ManufactureCountry>IL</ManufactureCountry>
      <ManufacturerItemDescription>שלגון בננה מצו</ManufacturerItemDescription>
      <UnitQty>יחידה</UnitQty>
      <Quantity>1.00</Quantity>
      <bIsWeighted>0</bIsWeighted>
      <UnitOfMeasure>יחידה</UnitOfMeasure>
      <QtyInPackage>0</QtyInPackage>
      <ItemPrice>5.00</ItemPrice>
      <UnitOfMeasurePrice>5.00</UnitOfMeasurePrice>
      <AllowDiscount>1</AllowDiscount>
      <ItemStatus>1</ItemStatus>
    </Item>
    <Item>
      <PriceUpdateDate>2016-01-18 07:14</PriceUpdateDate>
      <ItemCode>7290004872250</ItemCode>
      <ItemType>1</ItemType>
      <ItemName>שלגון אבטיח קיץ</ItemName>
      <ManufacturerName>גלידות נסטלה )נגה גלידות</ManufacturerName>
      <ManufactureCountry>IL</ManufactureCountry>
      <ManufacturerItemDescription>שלגון אבטיח קי</ManufacturerItemDescription>
      <UnitQty>יחידה</UnitQty>
      <Quantity>1.00</Quantity>
      <bIsWeighted>0</bIsWeighted>
      <UnitOfMeasure>יחידה</UnitOfMeasure>
      <QtyInPackage>0</QtyInPackage>
      <ItemPrice>6.00</ItemPrice>
      <UnitOfMeasurePrice>6.00</UnitOfMeasurePrice>
      <AllowDiscount>1</AllowDiscount>
      <ItemStatus>1</ItemStatus>
    </Item>
    <Item>
      <PriceUpdateDate>2013-12-24 06:32</PriceUpdateDate>
      <ItemCode>7290004872359</ItemCode>
      <ItemType>1</ItemType>
      <ItemName>קרחון דובדבן</ItemName>
      <ManufacturerName>נסטלה</ManufacturerName>
      <ManufactureCountry>IL</ManufactureCountry>
      <ManufacturerItemDescription>קרחון דובדבן</ManufacturerItemDescription>
      <UnitQty>יחידה</UnitQty>
      <Quantity>1.00</Quantity>
      <bIsWeighted>0</bIsWeighted>
      <UnitOfMeasure>יחידה</UnitOfMeasure>
      <QtyInPackage>0</QtyInPackage>
      <ItemPrice>3.00</ItemPrice>
      <UnitOfMeasurePrice>3.00</UnitOfMeasurePrice>
      <AllowDiscount>1</AllowDiscount>
      <ItemStatus>1</ItemStatus>
    </Item>
    <Item>
      <PriceUpdateDate>2017-02-07 07:16</PriceUpdateDate>
      <ItemCode>7290004923099</ItemCode>
      <ItemType>1</ItemType>
      <ItemName>עין גדי מים מינרל. 2*6 ל</ItemName>
      <ManufacturerName>עין גדי מיים מינרלים</ManufacturerName>
      <ManufactureCountry>IL</ManufactureCountry>
      <ManufacturerItemDescription>מים עין גדי 6 יח</ManufacturerItemDescription>
      <UnitQty>ליטרים</UnitQty>
      <Quantity>12.00</Quantity>
      <bIsWeighted>0</bIsWeighted>
      <UnitOfMeasure>ליטר</UnitOfMeasure>
      <QtyInPackage>0</QtyInPackage>
      <ItemPrice>12.00</ItemPrice>
      <UnitOfMeasurePrice>1.00</UnitOfMeasurePrice>
      <AllowDiscount>1</AllowDiscount>
      <ItemStatus>1</ItemStatus>
    </Item>
    <Item>
      <PriceUpdateDate>2018-01-16 08:32</PriceUpdateDate>
      <ItemCode>7290005082962</ItemCode>
      <ItemType>1</ItemType>
      <ItemName>פרצלס 80 גרם</ItemName>
      <ManufacturerName>גידרון</ManufacturerName>
      <ManufactureCountry>IL</ManufactureCountry>
      <ManufacturerItemDescription>פרצלס</ManufacturerItemDescription>
      <UnitQty>גרמים</UnitQty>
      <Quantity>80.00</Quantity>
      <bIsWeighted>0</bIsWeighted>
      <UnitOfMeasure>100 גרם</UnitOfMeasure>
      <QtyInPackage>0</QtyInPackage>
      <ItemPrice>5.50</ItemPrice>
      <UnitOfMeasurePrice>6.88</UnitOfMeasurePrice>
      <AllowDiscount>1</AllowDiscount>
      <ItemStatus>1</ItemStatus>
    </Item>
    <Item>
      <PriceUpdateDate>2020-10-02 05:37</PriceUpdateDate>
      <ItemCode>7290005095061</ItemCode>
      <ItemType>1</ItemType>
      <ItemName>נר נשמה בפחית 26 שעות</ItemName>
      <ManufacturerName>HQP</ManufacturerName>
      <ManufactureCountry>CN</ManufactureCountry>
      <ManufacturerItemDescription>נר נשמה 26שעות</ManufacturerItemDescription>
      <UnitQty>יחידה</UnitQty>
      <Quantity>1.00</Quantity>
      <bIsWeighted>0</bIsWeighted>
      <UnitOfMeasure>יחידה</UnitOfMeasure>
      <QtyInPackage>1</QtyInPackage>
      <ItemPrice>1.90</ItemPrice>
      <UnitOfMeasurePrice>1.90</UnitOfMeasurePrice>
      <AllowDiscount>1</AllowDiscount>
      <ItemStatus>1</ItemStatus>
    </Item>
    <Item>
      <PriceUpdateDate>2019-11-11 15:03</PriceUpdateDate>
      <ItemCode>7290005095481</ItemCode>
      <ItemType>1</ItemType>
      <ItemName>נרות שבת 8 יחידות 8 יחיד</ItemName>
      <ManufacturerName>משווק על ידי HQP</ManufacturerName>
      <ManufactureCountry>CN</ManufactureCountry>
      <ManufacturerItemDescription>נרות שבת 8 יחידו</ManufacturerItemDescription>
      <UnitQty>יחידה</UnitQty>
      <Quantity>1.00</Quantity>
      <bIsWeighted>0</bIsWeighted>
      <UnitOfMeasure>יחידה</UnitOfMeasure>
      <QtyInPackage>1</QtyInPackage>
      <ItemPrice>4.70</ItemPrice>
      <UnitOfMeasurePrice>4.70</UnitOfMeasurePrice>
      <AllowDiscount>1</AllowDiscount>
      <ItemStatus>1</ItemStatus>
    </Item>
    <Item>
      <PriceUpdateDate>2013-12-29 09:43</PriceUpdateDate>
      <ItemCode>7290005095573</ItemCode>
      <ItemType>1</ItemType>
      <ItemName>מצת קליפר</ItemName>
      <ManufacturerName />
      <ManufactureCountry>IL</ManufactureCountry>
      <ManufacturerItemDescription>מצת קליפר</ManufacturerItemDescription>
      <UnitQty>יחידה</UnitQty>
      <Quantity>1.00</Quantity>
      <bIsWeighted>0</bIsWeighted>
      <UnitOfMeasure>יחידה</UnitOfMeasure>
      <QtyInPackage>0</QtyInPackage>
      <ItemPrice>8.00</ItemPrice>
      <UnitOfMeasurePrice>8.00</UnitOfMeasurePrice>
      <AllowDiscount>0</AllowDiscount>
      <ItemStatus>1</ItemStatus>
    </Item>
    <Item>
      <PriceUpdateDate>2017-06-20 12:18</PriceUpdateDate>
      <ItemCode>7290005113222</ItemCode>
      <ItemType>1</ItemType>
      <ItemName>מיקס זיתים</ItemName>
      <ManufacturerName />
      <ManufactureCountry>IL</ManufactureCountry>
      <ManufacturerItemDescription>מיקס זיתים</ManufacturerItemDescription>
      <UnitQty>גרמים</UnitQty>
      <Quantity>340.00</Quantity>
      <bIsWeighted>0</bIsWeighted>
      <UnitOfMeasure>100 גרם</UnitOfMeasure>
      <QtyInPackage>0</QtyInPackage>
      <ItemPrice>10.90</ItemPrice>
      <UnitOfMeasurePrice>3.21</UnitOfMeasurePrice>
      <AllowDiscount>1</AllowDiscount>
      <ItemStatus>1</ItemStatus>
    </Item>
    <Item>
      <PriceUpdateDate>2017-02-07 07:17</PriceUpdateDate>
      <ItemCode>7290005174551</ItemCode>
      <ItemType>1</ItemType>
      <ItemName>חומוס יום יום 125 גרם</ItemName>
      <ManufacturerName>שטראוס גרופ בע"\מ</ManufacturerName>
      <ManufactureCountry>IL</ManufactureCountry>
      <ManufacturerItemDescription>חומוס יום יום</ManufacturerItemDescription>
      <UnitQty>גרמים</UnitQty>
      <Quantity>125.00</Quantity>
      <bIsWeighted>0</bIsWeighted>
      <UnitOfMeasure>100 גרם</UnitOfMeasure>
      <QtyInPackage>0</QtyInPackage>
      <ItemPrice>5.70</ItemPrice>
      <UnitOfMeasurePrice>4.56</UnitOfMeasurePrice>
      <AllowDiscount>1</AllowDiscount>
      <ItemStatus>1</ItemStatus>
    </Item>
    <Item>
      <PriceUpdateDate>2017-02-07 07:17</PriceUpdateDate>
      <ItemCode>7290005174568</ItemCode>
      <ItemType>1</ItemType>
      <ItemName>חציל במיונז 125 גרם</ItemName>
      <ManufacturerName>שטראוס גרופ בע"\מ</ManufacturerName>
      <ManufactureCountry>IL</ManufactureCountry>
      <ManufacturerItemDescription>חציל במיונז אחלה</ManufacturerItemDescription>
      <UnitQty>גרמים</UnitQty>
      <Quantity>125.00</Quantity>
      <bIsWeighted>0</bIsWeighted>
      <UnitOfMeasure>100 גרם</UnitOfMeasure>
      <QtyInPackage>0</QtyInPackage>
      <ItemPrice>5.70</ItemPrice>
      <UnitOfMeasurePrice>4.56</UnitOfMeasurePrice>
      <AllowDiscount>1</AllowDiscount>
      <ItemStatus>1</ItemStatus>
    </Item>
    <Item>
      <PriceUpdateDate>2017-02-07 07:17</PriceUpdateDate>
      <ItemCode>7290005174575</ItemCode>
      <ItemType>1</ItemType>
      <ItemName>טחינה יום יום 125 גרם</ItemName>
      <ManufacturerName>שטראוס גרופ בע"\מ</ManufacturerName>
      <ManufactureCountry>IL</ManufactureCountry>
      <ManufacturerItemDescription>טחינה יום יום</ManufacturerItemDescription>
      <UnitQty>גרמים</UnitQty>
      <Quantity>125.00</Quantity>
      <bIsWeighted>0</bIsWeighted>
      <UnitOfMeasure>100 גרם</UnitOfMeasure>
      <QtyInPackage>0</QtyInPackage>
      <ItemPrice>5.70</ItemPrice>
      <UnitOfMeasurePrice>4.56</UnitOfMeasurePrice>
      <AllowDiscount>1</AllowDiscount>
      <ItemStatus>1</ItemStatus>
    </Item>
    <Item>
      <PriceUpdateDate>2018-01-02 16:14</PriceUpdateDate>
      <ItemCode>7290005199622</ItemCode>
      <ItemType>1</ItemType>
      <ItemName>עד חצות מריר 200 גרם</ItemName>
      <ManufacturerName>עלית</ManufacturerName>
      <ManufactureCountry>IL</ManufactureCountry>
      <ManufacturerItemDescription>עד חצות מריר</ManufacturerItemDescription>
      <UnitQty>גרמים</UnitQty>
      <Quantity>200.00</Quantity>
      <bIsWeighted>0</bIsWeighted>
      <UnitOfMeasure>100 גרם</UnitOfMeasure>
      <QtyInPackage>0</QtyInPackage>
      <ItemPrice>14.80</ItemPrice>
      <UnitOfMeasurePrice>7.40</UnitOfMeasurePrice>
      <AllowDiscount>1</AllowDiscount>
      <ItemStatus>1</ItemStatus>
    </Item>
    <Item>
      <PriceUpdateDate>2018-11-02 05:38</PriceUpdateDate>
      <ItemCode>7290005199738</ItemCode>
      <ItemType>1</ItemType>
      <ItemName>מאסט LL ריח פה פפרמינט28</ItemName>
      <ManufacturerName>עלית</ManufacturerName>
      <ManufactureCountry>IL</ManufactureCountry>
      <ManufacturerItemDescription>מסטיק מאסט LL</ManufacturerItemDescription>
      <UnitQty>גרמים</UnitQty>
      <Quantity>28.00</Quantity>
      <bIsWeighted>0</bIsWeighted>
      <UnitOfMeasure>100 גרם</UnitOfMeasure>
      <QtyInPackage>0</QtyInPackage>
      <ItemPrice>4.60</ItemPrice>
      <UnitOfMeasurePrice>16.43</UnitOfMeasurePrice>
      <AllowDiscount>1</AllowDiscount>
      <ItemStatus>1</ItemStatus>
    </Item>
    <Item>
      <PriceUpdateDate>2018-02-21 10:09</PriceUpdateDate>
      <ItemCode>7290005200786</ItemCode>
      <ItemType>1</ItemType>
      <ItemName>תפוצ'יפס ט.שמנת ובצל50גר</ItemName>
      <ManufacturerName>שטראוס פריטו ליי בע"\מ )</ManufacturerName>
      <ManufactureCountry>IL</ManufactureCountry>
      <ManufacturerItemDescription>תפוצ'יפס שמנת</ManufacturerItemDescription>
      <UnitQty>גרמים</UnitQty>
      <Quantity>50.00</Quantity>
      <bIsWeighted>0</bIsWeighted>
      <UnitOfMeasure>100 גרם</UnitOfMeasure>
      <QtyInPackage>0</QtyInPackage>
      <ItemPrice>4.30</ItemPrice>
      <UnitOfMeasurePrice>8.60</UnitOfMeasurePrice>
      <AllowDiscount>1</AllowDiscount>
      <ItemStatus>1</ItemStatus>
    </Item>
    <Item>
      <PriceUpdateDate>2014-07-21 07:20</PriceUpdateDate>
      <ItemCode>7290005200908</ItemCode>
      <ItemType>1</ItemType>
      <ItemName>שוק.פרה עם ביסקוויט 100ג</ItemName>
      <ManufacturerName>עלית</ManufacturerName>
      <ManufactureCountry>IL</ManufactureCountry>
      <ManufacturerItemDescription>שוקולד+ביסקויט</ManufacturerItemDescription>
      <UnitQty>גרמים</UnitQty>
      <Quantity>100.00</Quantity>
      <bIsWeighted>0</bIsWeighted>
      <UnitOfMeasure>100 גרם</UnitOfMeasure>
      <QtyInPackage>0</QtyInPackage>
      <ItemPrice>6.40</ItemPrice>
      <UnitOfMeasurePrice>6.40</UnitOfMeasurePrice>
      <AllowDiscount>1</AllowDiscount>
      <ItemStatus>1</ItemStatus>
    </Item>
    <Item>
      <PriceUpdateDate>2017-03-14 06:47</PriceUpdateDate>
      <ItemCode>7290005201882</ItemCode>
      <ItemType>1</ItemType>
      <ItemName>קפה טורקי בצלופן 200 גרם</ItemName>
      <ManufacturerName>שטראוס קפה בי.ויn\.</ManufacturerName>
      <ManufactureCountry>IL</ManufactureCountry>
      <ManufacturerItemDescription>קפה טורקי בצלופן</ManufacturerItemDescription>
      <UnitQty>גרמים</UnitQty>
      <Quantity>200.00</Quantity>
      <bIsWeighted>0</bIsWeighted>
      <UnitOfMeasure>100 גרם</UnitOfMeasure>
      <QtyInPackage>0</QtyInPackage>
      <ItemPrice>17.90</ItemPrice>
      <UnitOfMeasurePrice>8.95</UnitOfMeasurePrice>
      <AllowDiscount>1</AllowDiscount>
      <ItemStatus>1</ItemStatus>
    </Item>
    <Item>
      <PriceUpdateDate>2018-03-06 07:23</PriceUpdateDate>
      <ItemCode>7290005287206</ItemCode>
      <ItemType>1</ItemType>
      <ItemName>טונה סטארקיסט בשמן160*4ג</ItemName>
      <ManufacturerName>סטארקיסט</ManufacturerName>
      <ManufactureCountry>IL</ManufactureCountry>
      <ManufacturerItemDescription>טונה סטארקיסט4יח</ManufacturerItemDescription>
      <UnitQty>גרמים</UnitQty>
      <Quantity>640.00</Quantity>
      <bIsWeighted>0</bIsWeighted>
      <UnitOfMeasure>100 גרם</UnitOfMeasure>
      <QtyInPackage>0</QtyInPackage>
      <ItemPrice>25.90</ItemPrice>
      <UnitOfMeasurePrice>4.05</UnitOfMeasurePrice>
      <AllowDiscount>1</AllowDiscount>
      <ItemStatus>1</ItemStatus>
    </Item>
    <Item>
      <PriceUpdateDate>2018-03-06 07:23</PriceUpdateDate>
      <ItemCode>7290005287251</ItemCode>
      <ItemType>1</ItemType>
      <ItemName>טונה סטארקיסט במים160*4ג</ItemName>
      <ManufacturerName>סטארקיסט</ManufacturerName>
      <ManufactureCountry>IL</ManufactureCountry>
      <ManufacturerItemDescription>טונה סטארקיסט4יח</ManufacturerItemDescription>
      <UnitQty>גרמים</UnitQty>
      <Quantity>640.00</Quantity>
      <bIsWeighted>0</bIsWeighted>
      <UnitOfMeasure>100 גרם</UnitOfMeasure>
      <QtyInPackage>0</QtyInPackage>
      <ItemPrice>25.90</ItemPrice>
      <UnitOfMeasurePrice>4.05</UnitOfMeasurePrice>
      <AllowDiscount>1</AllowDiscount>
      <ItemStatus>1</ItemStatus>
    </Item>
    <Item>
      <PriceUpdateDate>2017-02-08 08:34</PriceUpdateDate>
      <ItemCode>7290005423253</ItemCode>
      <ItemType>1</ItemType>
      <ItemName>מקסימה למייבש פרש 750מ"ל</ItemName>
      <ManufacturerName>סנו מפעלי ברונוס בע"\מ</ManufacturerName>
      <ManufactureCountry>IL</ManufactureCountry>
      <ManufacturerItemDescription>מקסימה למייבש</ManufacturerItemDescription>
      <UnitQty>מיליליטרים</UnitQty>
      <Quantity>750.00</Quantity>
      <bIsWeighted>0</bIsWeighted>
      <UnitOfMeasure>100 מ"ל</UnitOfMeasure>
      <QtyInPackage>0</QtyInPackage>
      <ItemPrice>17.90</ItemPrice>
      <UnitOfMeasurePrice>2.39</UnitOfMeasurePrice>
      <AllowDiscount>1</AllowDiscount>
      <ItemStatus>1</ItemStatus>
    </Item>
    <Item>
      <PriceUpdateDate>2018-05-22 12:22</PriceUpdateDate>
      <ItemCode>7290005425196</ItemCode>
      <ItemType>1</ItemType>
      <ItemName>אבקת מקסימה סנסיטיב2.5קג</ItemName>
      <ManufacturerName>סנו מפעלי ברונוס בעמ</ManufacturerName>
      <ManufactureCountry>IL</ManufactureCountry>
      <ManufacturerItemDescription>אבקת כביסה</ManufacturerItemDescription>
      <UnitQty>קילוגרמים</UnitQty>
      <Quantity>2.50</Quantity>
      <bIsWeighted>0</bIsWeighted>
      <UnitOfMeasure>ק"ג</UnitOfMeasure>
      <QtyInPackage>0</QtyInPackage>
      <ItemPrice>28.90</ItemPrice>
      <UnitOfMeasurePrice>11.56</UnitOfMeasurePrice>
      <AllowDiscount>1</AllowDiscount>
      <ItemStatus>1</ItemStatus>
    </Item>
    <Item>
      <PriceUpdateDate>2018-01-30 11:39</PriceUpdateDate>
      <ItemCode>7290005425646</ItemCode>
      <ItemType>1</ItemType>
      <ItemName>סנוקליר ניקוי חלונות 1ל'</ItemName>
      <ManufacturerName>סנו מפעלי ברונוס בע"\מ</ManufacturerName>
      <ManufactureCountry>IL</ManufactureCountry>
      <ManufacturerItemDescription>סנוקליר 1 ליטר</ManufacturerItemDescription>
      <UnitQty>ליטרים</UnitQty>
      <Quantity>1.00</Quantity>
      <bIsWeighted>0</bIsWeighted>
      <UnitOfMeasure>ליטר</UnitOfMeasure>
      <QtyInPackage>0</QtyInPackage>
      <ItemPrice>11.10</ItemPrice>
      <UnitOfMeasurePrice>11.10</UnitOfMeasurePrice>
      <AllowDiscount>1</AllowDiscount>
      <ItemStatus>1</ItemStatus>
    </Item>
    <Item>
      <PriceUpdateDate>2020-01-15 12:45</PriceUpdateDate>
      <ItemCode>7290005431913</ItemCode>
      <ItemType>1</ItemType>
      <ItemName>עוגת גבינה פירורים 92 גר</ItemName>
      <ManufacturerName>עדן קינוחים</ManufacturerName>
      <ManufactureCountry>IL</ManufactureCountry>
      <ManufacturerItemDescription>עוגת גבינה</ManufacturerItemDescription>
      <UnitQty>גרמים</UnitQty>
      <Quantity>92.00</Quantity>
      <bIsWeighted>0</bIsWeighted>
      <UnitOfMeasure>100 גרם</UnitOfMeasure>
      <QtyInPackage>1</QtyInPackage>
      <ItemPrice>7.70</ItemPrice>
      <UnitOfMeasurePrice>8.37</UnitOfMeasurePrice>
      <AllowDiscount>1</AllowDiscount>
      <ItemStatus>1</ItemStatus>
    </Item>
    <Item>
      <PriceUpdateDate>2020-01-15 12:45</PriceUpdateDate>
      <ItemCode>7290005431920</ItemCode>
      <ItemType>1</ItemType>
      <ItemName>עוגת גב.פירורים לייט78גר</ItemName>
      <ManufacturerName>עדן קינוחים</ManufacturerName>
      <ManufactureCountry>IL</ManufactureCountry>
      <ManufacturerItemDescription>עוגת גבינה</ManufacturerItemDescription>
      <UnitQty>גרמים</UnitQty>
      <Quantity>78.00</Quantity>
      <bIsWeighted>0</bIsWeighted>
      <UnitOfMeasure>100 גרם</UnitOfMeasure>
      <QtyInPackage>1</QtyInPackage>
      <ItemPrice>7.70</ItemPrice>
      <UnitOfMeasurePrice>9.87</UnitOfMeasurePrice>
      <AllowDiscount>1</AllowDiscount>
      <ItemStatus>1</ItemStatus>
    </Item>
    <Item>
      <PriceUpdateDate>2019-08-13 08:20</PriceUpdateDate>
      <ItemCode>7290005564253</ItemCode>
      <ItemType>1</ItemType>
      <ItemName>ספרינג אגס סברס תפוח1.5ל</ItemName>
      <ManufacturerName>יפאורה תבורי בע"\מ</ManufacturerName>
      <ManufactureCountry>IL</ManufactureCountry>
      <ManufacturerItemDescription>משקה ספרינג</ManufacturerItemDescription>
      <UnitQty>ליטרים</UnitQty>
      <Quantity>1.50</Quantity>
      <bIsWeighted>0</bIsWeighted>
      <UnitOfMeasure>ליטר</UnitOfMeasure>
      <QtyInPackage>0</QtyInPackage>
      <ItemPrice>6.90</ItemPrice>
      <UnitOfMeasurePrice>4.60</UnitOfMeasurePrice>
      <AllowDiscount>1</AllowDiscount>
      <ItemStatus>1</ItemStatus>
    </Item>
    <Item>
      <PriceUpdateDate>2019-08-13 08:20</PriceUpdateDate>
      <ItemCode>7290005564680</ItemCode>
      <ItemType>1</ItemType>
      <ItemName>תפוזינה לימונדה 1.5 ליטר</ItemName>
      <ManufacturerName>יפאורה תבורי בע"\מ</ManufacturerName>
      <ManufactureCountry>IL</ManufactureCountry>
      <ManufacturerItemDescription>תפוזינה לימונדה</ManufacturerItemDescription>
      <UnitQty>ליטרים</UnitQty>
      <Quantity>1.50</Quantity>
      <bIsWeighted>0</bIsWeighted>
      <UnitOfMeasure>ליטר</UnitOfMeasure>
      <QtyInPackage>0</QtyInPackage>
      <ItemPrice>6.90</ItemPrice>
      <UnitOfMeasurePrice>4.60</UnitOfMeasurePrice>
      <AllowDiscount>1</AllowDiscount>
      <ItemStatus>1</ItemStatus>
    </Item>
    <Item>
      <PriceUpdateDate>2019-08-07 11:59</PriceUpdateDate>
      <ItemCode>7290005610448</ItemCode>
      <ItemType>1</ItemType>
      <ItemName>גזר חבל מעון</ItemName>
      <ManufacturerName>קטיף.</ManufacturerName>
      <ManufactureCountry>IL</ManufactureCountry>
      <ManufacturerItemDescription>גזר חבל מעון</ManufacturerItemDescription>
      <UnitQty>קילוגרמים</UnitQty>
      <Quantity>0.00</Quantity>
      <bIsWeighted>1</bIsWeighted>
      <UnitOfMeasure>ק"ג</UnitOfMeasure>
      <QtyInPackage>0</QtyInPackage>
      <ItemPrice>4.90</ItemPrice>
      <UnitOfMeasurePrice>4.90</UnitOfMeasurePrice>
      <AllowDiscount>1</AllowDiscount>
      <ItemStatus>1</ItemStatus>
    </Item>
    <Item>
      <PriceUpdateDate>2018-12-24 12:22</PriceUpdateDate>
      <ItemCode>7290005610509</ItemCode>
      <ItemType>1</ItemType>
      <ItemName>צנונית יחידה</ItemName>
      <ManufacturerName>קטיף.</ManufacturerName>
      <ManufactureCountry>IL</ManufactureCountry>
      <ManufacturerItemDescription>צנונית -יח'</ManufacturerItemDescription>
      <UnitQty>יחידה</UnitQty>
      <Quantity>1.00</Quantity>
      <bIsWeighted>0</bIsWeighted>
      <UnitOfMeasure>יחידה</UnitOfMeasure>
      <QtyInPackage>0</QtyInPackage>
      <ItemPrice>5.90</ItemPrice>
      <UnitOfMeasurePrice>5.90</UnitOfMeasurePrice>
      <AllowDiscount>1</AllowDiscount>
      <ItemStatus>1</ItemStatus>
    </Item>
    <Item>
      <PriceUpdateDate>2020-09-08 08:21</PriceUpdateDate>
      <ItemCode>7290005678318</ItemCode>
      <ItemType>1</ItemType>
      <ItemName>ענבים אוטום קריספ</ItemName>
      <ManufacturerName>קטיף.</ManufacturerName>
      <ManufactureCountry>IL</ManufactureCountry>
      <ManufacturerItemDescription>ענב אוטום קריספ</ManufacturerItemDescription>
      <UnitQty>קילוגרמים</UnitQty>
      <Quantity>0.00</Quantity>
      <bIsWeighted>1</bIsWeighted>
      <UnitOfMeasure>ק"ג</UnitOfMeasure>
      <QtyInPackage>1</QtyInPackage>
      <ItemPrice>29.90</ItemPrice>
      <UnitOfMeasurePrice>29.90</UnitOfMeasurePrice>
      <AllowDiscount>1</AllowDiscount>
      <ItemStatus>1</ItemStatus>
    </Item>
    <Item>
      <PriceUpdateDate>2020-08-25 08:47</PriceUpdateDate>
      <ItemCode>7290005678387</ItemCode>
      <ItemType>1</ItemType>
      <ItemName>ענב אוטום רויאל -שחור</ItemName>
      <ManufacturerName>מושב לכיש</ManufacturerName>
      <ManufactureCountry>IL</ManufactureCountry>
      <ManufacturerItemDescription>ענב אוטום-שחור</ManufacturerItemDescription>
      <UnitQty>קילוגרמים</UnitQty>
      <Quantity>0.00</Quantity>
      <bIsWeighted>1</bIsWeighted>
      <UnitOfMeasure>ק"ג</UnitOfMeasure>
      <QtyInPackage>0</QtyInPackage>
      <ItemPrice>25.90</ItemPrice>
      <UnitOfMeasurePrice>25.90</UnitOfMeasurePrice>
      <AllowDiscount>1</AllowDiscount>
      <ItemStatus>1</ItemStatus>
    </Item>
    <Item>
      <PriceUpdateDate>2020-09-01 08:12</PriceUpdateDate>
      <ItemCode>7290005678585</ItemCode>
      <ItemType>1</ItemType>
      <ItemName>ענבים סקרלוטה ללא חרצן</ItemName>
      <ManufacturerName>קטיף.</ManufacturerName>
      <ManufactureCountry>IL</ManufactureCountry>
      <ManufacturerItemDescription>ענבים סקרלוטה</ManufacturerItemDescription>
      <UnitQty>קילוגרמים</UnitQty>
      <Quantity>0.00</Quantity>
      <bIsWeighted>1</bIsWeighted>
      <UnitOfMeasure>ק"ג</UnitOfMeasure>
      <QtyInPackage>0</QtyInPackage>
      <ItemPrice>25.90</ItemPrice>
      <UnitOfMeasurePrice>25.90</UnitOfMeasurePrice>
      <AllowDiscount>1</AllowDiscount>
      <ItemStatus>1</ItemStatus>
    </Item>
    <Item>
      <PriceUpdateDate>2015-02-09 06:38</PriceUpdateDate>
      <ItemCode>7290005838002</ItemCode>
      <ItemType>1</ItemType>
      <ItemName>דניאלה מעדן גבינה 150מ"ל</ItemName>
      <ManufacturerName>שטראוס גרופ בע"\מ</ManufacturerName>
      <ManufactureCountry>IL</ManufactureCountry>
      <ManufacturerItemDescription>מעדן דניאלה</ManufacturerItemDescription>
      <UnitQty>מיליליטרים</UnitQty>
      <Quantity>150.00</Quantity>
      <bIsWeighted>0</bIsWeighted>
      <UnitOfMeasure>100 מ"ל</UnitOfMeasure>
      <QtyInPackage>0</QtyInPackage>
      <ItemPrice>4.30</ItemPrice>
      <UnitOfMeasurePrice>2.87</UnitOfMeasurePrice>
      <AllowDiscount>1</AllowDiscount>
      <ItemStatus>1</ItemStatus>
    </Item>
    <Item>
      <PriceUpdateDate>2013-12-22 10:38</PriceUpdateDate>
      <ItemCode>7290005838613</ItemCode>
      <ItemType>1</ItemType>
      <ItemName>סקי מעדן גבינה וניל 125ג</ItemName>
      <ManufacturerName>שטראוס בריאות בע"\מ</ManufacturerName>
      <ManufactureCountry>IL</ManufactureCountry>
      <ManufacturerItemDescription>סקי מעדן גבינה</ManufacturerItemDescription>
      <UnitQty>גרמים</UnitQty>
      <Quantity>125.00</Quantity>
      <bIsWeighted>0</bIsWeighted>
      <UnitOfMeasure>100 גרם</UnitOfMeasure>
      <QtyInPackage>0</QtyInPackage>
      <ItemPrice>3.70</ItemPrice>
      <UnitOfMeasurePrice>2.96</UnitOfMeasurePrice>
      <AllowDiscount>1</AllowDiscount>
      <ItemStatus>1</ItemStatus>
    </Item>
    <Item>
      <PriceUpdateDate>2015-09-30 08:11</PriceUpdateDate>
      <ItemCode>7290005839078</ItemCode>
      <ItemType>1</ItemType>
      <ItemName>דנונה ביו 3% 150*8 גרם</ItemName>
      <ManufacturerName>שטראוס בריאות בע"\מ</ManufacturerName>
      <ManufactureCountry>IL</ManufactureCountry>
      <ManufacturerItemDescription>דנונה ביו 8 יח</ManufacturerItemDescription>
      <UnitQty>קילוגרמים</UnitQty>
      <Quantity>1.20</Quantity>
      <bIsWeighted>0</bIsWeighted>
      <UnitOfMeasure>ק"ג</UnitOfMeasure>
      <QtyInPackage>0</QtyInPackage>
      <ItemPrice>17.60</ItemPrice>
      <UnitOfMeasurePrice>14.67</UnitOfMeasurePrice>
      <AllowDiscount>1</AllowDiscount>
      <ItemStatus>1</ItemStatus>
    </Item>
    <Item>
      <PriceUpdateDate>2016-06-13 07:07</PriceUpdateDate>
      <ItemCode>7290005839108</ItemCode>
      <ItemType>1</ItemType>
      <ItemName>גב.סימפוניה +5%זיתים200ג</ItemName>
      <ManufacturerName>שטראוס בריאות בע"\מ</ManufacturerName>
      <ManufactureCountry>IL</ManufactureCountry>
      <ManufacturerItemDescription>גבינת סימפוניה</ManufacturerItemDescription>
      <UnitQty>גרמים</UnitQty>
      <Quantity>200.00</Quantity>
      <bIsWeighted>0</bIsWeighted>
      <UnitOfMeasure>100 גרם</UnitOfMeasure>
      <QtyInPackage>0</QtyInPackage>
      <ItemPrice>12.40</ItemPrice>
      <UnitOfMeasurePrice>6.20</UnitOfMeasurePrice>
      <AllowDiscount>1</AllowDiscount>
      <ItemStatus>1</ItemStatus>
    </Item>
    <Item>
      <PriceUpdateDate>2013-12-22 10:38</PriceUpdateDate>
      <ItemCode>7290005839313</ItemCode>
      <ItemType>1</ItemType>
      <ItemName>מילקי טופ שוקול.מגולג170</ItemName>
      <ManufacturerName>שטראוס גרופ בע"\מ</ManufacturerName>
      <ManufactureCountry>IL</ManufactureCountry>
      <ManufacturerItemDescription>מילקי טופ</ManufacturerItemDescription>
      <UnitQty>מיליליטרים</UnitQty>
      <Quantity>170.00</Quantity>
      <bIsWeighted>0</bIsWeighted>
      <UnitOfMeasure>100 מ"ל</UnitOfMeasure>
      <QtyInPackage>0</QtyInPackage>
      <ItemPrice>5.00</ItemPrice>
      <UnitOfMeasurePrice>2.94</UnitOfMeasurePrice>
      <AllowDiscount>1</AllowDiscount>
      <ItemStatus>1</ItemStatus>
    </Item>
    <Item>
      <PriceUpdateDate>2014-07-30 07:03</PriceUpdateDate>
      <ItemCode>7290005854040</ItemCode>
      <ItemType>1</ItemType>
      <ItemName>קרחון אסקימו משמש יח</ItemName>
      <ManufacturerName>שטראוס</ManufacturerName>
      <ManufactureCountry>IL</ManufactureCountry>
      <ManufacturerItemDescription>קרחון אסקימו</ManufacturerItemDescription>
      <UnitQty>יחידה</UnitQty>
      <Quantity>1.00</Quantity>
      <bIsWeighted>0</bIsWeighted>
      <UnitOfMeasure>יחידה</UnitOfMeasure>
      <QtyInPackage>0</QtyInPackage>
      <ItemPrice>3.00</ItemPrice>
      <UnitOfMeasurePrice>3.00</UnitOfMeasurePrice>
      <AllowDiscount>1</AllowDiscount>
      <ItemStatus>1</ItemStatus>
    </Item>
    <Item>
      <PriceUpdateDate>2014-07-30 07:03</PriceUpdateDate>
      <ItemCode>7290005854613</ItemCode>
      <ItemType>1</ItemType>
      <ItemName>אסקימו תותי פרוטי</ItemName>
      <ManufacturerName>שטראוס</ManufacturerName>
      <ManufactureCountry>IL</ManufactureCountry>
      <ManufacturerItemDescription>אסקימו תותיפרו</ManufacturerItemDescription>
      <UnitQty>יחידה</UnitQty>
      <Quantity>1.00</Quantity>
      <bIsWeighted>0</bIsWeighted>
      <UnitOfMeasure>יחידה</UnitOfMeasure>
      <QtyInPackage>0</QtyInPackage>
      <ItemPrice>3.00</ItemPrice>
      <UnitOfMeasurePrice>3.00</UnitOfMeasurePrice>
      <AllowDiscount>1</AllowDiscount>
      <ItemStatus>1</ItemStatus>
    </Item>
    <Item>
      <PriceUpdateDate>2019-01-31 10:29</PriceUpdateDate>
      <ItemCode>7290005896439</ItemCode>
      <ItemType>1</ItemType>
      <ItemName>בירה מכבי</ItemName>
      <ManufacturerName />
      <ManufactureCountry>IL</ManufactureCountry>
      <ManufacturerItemDescription>בירה מכבי</ManufacturerItemDescription>
      <UnitQty>מיליליטרים</UnitQty>
      <Quantity>500.00</Quantity>
      <bIsWeighted>0</bIsWeighted>
      <UnitOfMeasure>100 מ"ל</UnitOfMeasure>
      <QtyInPackage>0</QtyInPackage>
      <ItemPrice>7.00</ItemPrice>
      <UnitOfMeasurePrice>1.40</UnitOfMeasurePrice>
      <AllowDiscount>1</AllowDiscount>
      <ItemStatus>1</ItemStatus>
    </Item>
    <Item>
      <PriceUpdateDate>2019-01-23 17:53</PriceUpdateDate>
      <ItemCode>7290005896453</ItemCode>
      <ItemType>1</ItemType>
      <ItemName>בירה מכבי7.9%בק.חוזר500מ</ItemName>
      <ManufacturerName>טמפו</ManufacturerName>
      <ManufactureCountry>IL</ManufactureCountry>
      <ManufacturerItemDescription>בירה מכבי 7.9%</ManufacturerItemDescription>
      <UnitQty>מיליליטרים</UnitQty>
      <Quantity>500.00</Quantity>
      <bIsWeighted>0</bIsWeighted>
      <UnitOfMeasure>100 מ"ל</UnitOfMeasure>
      <QtyInPackage>1</QtyInPackage>
      <ItemPrice>7.50</ItemPrice>
      <UnitOfMeasurePrice>1.50</UnitOfMeasurePrice>
      <AllowDiscount>1</AllowDiscount>
      <ItemStatus>1</ItemStatus>
    </Item>
    <Item>
      <PriceUpdateDate>2018-05-22 12:22</PriceUpdateDate>
      <ItemCode>7290005896835</ItemCode>
      <ItemType>1</ItemType>
      <ItemName>מים סאן בנדטו מוגז1.5*6ל</ItemName>
      <ManufacturerName>טמפו</ManufacturerName>
      <ManufactureCountry>IT</ManufactureCountry>
      <ManufacturerItemDescription>מים מינרלים 6 יח</ManufacturerItemDescription>
      <UnitQty>ליטרים</UnitQty>
      <Quantity>9.00</Quantity>
      <bIsWeighted>0</bIsWeighted>
      <UnitOfMeasure>ליטר</UnitOfMeasure>
      <QtyInPackage>0</QtyInPackage>
      <ItemPrice>18.90</ItemPrice>
      <UnitOfMeasurePrice>2.10</UnitOfMeasurePrice>
      <AllowDiscount>1</AllowDiscount>
      <ItemStatus>1</ItemStatus>
    </Item>
    <Item>
      <PriceUpdateDate>2018-01-16 08:32</PriceUpdateDate>
      <ItemCode>7290005938245</ItemCode>
      <ItemType>1</ItemType>
      <ItemName>פסטו קלאסי 220 גרם</ItemName>
      <ManufacturerName>נטו</ManufacturerName>
      <ManufactureCountry>IL</ManufactureCountry>
      <ManufacturerItemDescription>פסטו קלאסי</ManufacturerItemDescription>
      <UnitQty>גרמים</UnitQty>
      <Quantity>220.00</Quantity>
      <bIsWeighted>0</bIsWeighted>
      <UnitOfMeasure>100 גרם</UnitOfMeasure>
      <QtyInPackage>0</QtyInPackage>
      <ItemPrice>19.90</ItemPrice>
      <UnitOfMeasurePrice>9.05</UnitOfMeasurePrice>
      <AllowDiscount>1</AllowDiscount>
      <ItemStatus>1</ItemStatus>
    </Item>
    <Item>
      <PriceUpdateDate>2020-10-10 18:30</PriceUpdateDate>
      <ItemCode>7290005966033</ItemCode>
      <ItemType>1</ItemType>
      <ItemName>יין לבן הר חרמון 750 מ"ל</ItemName>
      <ManufacturerName>יקבי רמת הגולן קצרין</ManufacturerName>
      <ManufactureCountry>IL</ManufactureCountry>
      <ManufacturerItemDescription>יין לבן חרמון</ManufacturerItemDescription>
      <UnitQty>מיליליטרים</UnitQty>
      <Quantity>750.00</Quantity>
      <bIsWeighted>0</bIsWeighted>
      <UnitOfMeasure>100 מ"ל</UnitOfMeasure>
      <QtyInPackage>0</QtyInPackage>
      <ItemPrice>31.90</ItemPrice>
      <UnitOfMeasurePrice>4.25</UnitOfMeasurePrice>
      <AllowDiscount>1</AllowDiscount>
      <ItemStatus>1</ItemStatus>
    </Item>
    <Item>
      <PriceUpdateDate>2020-10-10 18:30</PriceUpdateDate>
      <ItemCode>7290005992575</ItemCode>
      <ItemType>1</ItemType>
      <ItemName>גב.בולגרית למריחה5% 250ג</ItemName>
      <ManufacturerName>מחלבות גד</ManufacturerName>
      <ManufactureCountry>IL</ManufactureCountry>
      <ManufacturerItemDescription>בולגרית למריחה</ManufacturerItemDescription>
      <UnitQty>גרמים</UnitQty>
      <Quantity>250.00</Quantity>
      <bIsWeighted>0</bIsWeighted>
      <UnitOfMeasure>100 גרם</UnitOfMeasure>
      <QtyInPackage>0</QtyInPackage>
      <ItemPrice>14.90</ItemPrice>
      <UnitOfMeasurePrice>5.96</UnitOfMeasurePrice>
      <AllowDiscount>1</AllowDiscount>
      <ItemStatus>1</ItemStatus>
    </Item>
    <Item>
      <PriceUpdateDate>2015-09-30 08:01</PriceUpdateDate>
      <ItemCode>7290006271181</ItemCode>
      <ItemType>1</ItemType>
      <ItemName>ג'חנון אפוי מעדנות 750גר</ItemName>
      <ManufacturerName>מעדנות בע"\מ</ManufacturerName>
      <ManufactureCountry>IL</ManufactureCountry>
      <ManufacturerItemDescription>ג'חנון אפוי</ManufacturerItemDescription>
      <UnitQty>גרמים</UnitQty>
      <Quantity>750.00</Quantity>
      <bIsWeighted>0</bIsWeighted>
      <UnitOfMeasure>100 גרם</UnitOfMeasure>
      <QtyInPackage>0</QtyInPackage>
      <ItemPrice>28.70</ItemPrice>
      <UnitOfMeasurePrice>3.83</UnitOfMeasurePrice>
      <AllowDiscount>1</AllowDiscount>
      <ItemStatus>1</ItemStatus>
    </Item>
    <Item>
      <PriceUpdateDate>2018-11-12 00:57</PriceUpdateDate>
      <ItemCode>7290006272072</ItemCode>
      <ItemType>1</ItemType>
      <ItemName>חטיפי פיצה גבינה 650 ג ק</ItemName>
      <ManufacturerName>מעדנות בע"\מ</ManufacturerName>
      <ManufactureCountry>IL</ManufactureCountry>
      <ManufacturerItemDescription>חטיפי פיצה גבינה</ManufacturerItemDescription>
      <UnitQty>גרמים</UnitQty>
      <Quantity>650.00</Quantity>
      <bIsWeighted>0</bIsWeighted>
      <UnitOfMeasure>100 גרם</UnitOfMeasure>
      <QtyInPackage>1</QtyInPackage>
      <ItemPrice>36.90</ItemPrice>
      <UnitOfMeasurePrice>5.68</UnitOfMeasurePrice>
      <AllowDiscount>1</AllowDiscount>
      <ItemStatus>1</ItemStatus>
    </Item>
    <Item>
      <PriceUpdateDate>2018-01-16 08:32</PriceUpdateDate>
      <ItemCode>7290006390806</ItemCode>
      <ItemType>1</ItemType>
      <ItemName>חצי ג'בטה אפוי קפוא</ItemName>
      <ManufacturerName>גידרון</ManufacturerName>
      <ManufactureCountry>IL</ManufactureCountry>
      <ManufacturerItemDescription>חצי ג'בטה</ManufacturerItemDescription>
      <UnitQty>יחידה</UnitQty>
      <Quantity>1.00</Quantity>
      <bIsWeighted>0</bIsWeighted>
      <UnitOfMeasure>יחידה</UnitOfMeasure>
      <QtyInPackage>0</QtyInPackage>
      <ItemPrice>4.40</ItemPrice>
      <UnitOfMeasurePrice>4.40</UnitOfMeasurePrice>
      <AllowDiscount>1</AllowDiscount>
      <ItemStatus>1</ItemStatus>
    </Item>
    <Item>
      <PriceUpdateDate>2020-08-25 08:47</PriceUpdateDate>
      <ItemCode>7290006459947</ItemCode>
      <ItemType>1</ItemType>
      <ItemName>פחם גריל פרימיום 2 ק"ג</ItemName>
      <ManufacturerName>כללי</ManufacturerName>
      <ManufactureCountry>PY</ManufactureCountry>
      <ManufacturerItemDescription>פחם גריל 2 ק"ג</ManufacturerItemDescription>
      <UnitQty>קילוגרמים</UnitQty>
      <Quantity>2.00</Quantity>
      <bIsWeighted>0</bIsWeighted>
      <UnitOfMeasure>ק"ג</UnitOfMeasure>
      <QtyInPackage>0</QtyInPackage>
      <ItemPrice>21.90</ItemPrice>
      <UnitOfMeasurePrice>10.95</UnitOfMeasurePrice>
      <AllowDiscount>1</AllowDiscount>
      <ItemStatus>1</ItemStatus>
    </Item>
    <Item>
      <PriceUpdateDate>2018-11-09 10:26</PriceUpdateDate>
      <ItemCode>7290006492432</ItemCode>
      <ItemType>1</ItemType>
      <ItemName>גבינה מוצרלה בייבי 150גר</ItemName>
      <ManufacturerName>מחלבות גד</ManufacturerName>
      <ManufactureCountry>IL</ManufactureCountry>
      <ManufacturerItemDescription>גבינה מוצרלה</ManufacturerItemDescription>
      <UnitQty>גרמים</UnitQty>
      <Quantity>150.00</Quantity>
      <bIsWeighted>0</bIsWeighted>
      <UnitOfMeasure>100 גרם</UnitOfMeasure>
      <QtyInPackage>0</QtyInPackage>
      <ItemPrice>15.30</ItemPrice>
      <UnitOfMeasurePrice>10.20</UnitOfMeasurePrice>
      <AllowDiscount>1</AllowDiscount>
      <ItemStatus>1</ItemStatus>
    </Item>
    <Item>
      <PriceUpdateDate>2018-11-09 10:26</PriceUpdateDate>
      <ItemCode>7290006492616</ItemCode>
      <ItemType>1</ItemType>
      <ItemName>פרוסות גב. בולגר5%. 250ג</ItemName>
      <ManufacturerName>מחלבות גד</ManufacturerName>
      <ManufactureCountry>IL</ManufactureCountry>
      <ManufacturerItemDescription>גבינה בולגרית</ManufacturerItemDescription>
      <UnitQty>גרמים</UnitQty>
      <Quantity>250.00</Quantity>
      <bIsWeighted>0</bIsWeighted>
      <UnitOfMeasure>100 גרם</UnitOfMeasure>
      <QtyInPackage>0</QtyInPackage>
      <ItemPrice>27.50</ItemPrice>
      <UnitOfMeasurePrice>11.00</UnitOfMeasurePrice>
      <AllowDiscount>1</AllowDiscount>
      <ItemStatus>1</ItemStatus>
    </Item>
    <Item>
      <PriceUpdateDate>2018-11-09 10:26</PriceUpdateDate>
      <ItemCode>7290006492685</ItemCode>
      <ItemType>1</ItemType>
      <ItemName>לאבנה עיזים 5%שומן 250גר</ItemName>
      <ManufacturerName>מחלבות גד</ManufacturerName>
      <ManufactureCountry>IL</ManufactureCountry>
      <ManufacturerItemDescription>לאבנה עיזים גד</ManufacturerItemDescription>
      <UnitQty>גרמים</UnitQty>
      <Quantity>250.00</Quantity>
      <bIsWeighted>0</bIsWeighted>
      <UnitOfMeasure>100 גרם</UnitOfMeasure>
      <QtyInPackage>0</QtyInPackage>
      <ItemPrice>18.80</ItemPrice>
      <UnitOfMeasurePrice>7.52</UnitOfMeasurePrice>
      <AllowDiscount>1</AllowDiscount>
      <ItemStatus>1</ItemStatus>
    </Item>
    <Item>
      <PriceUpdateDate>2018-11-09 10:26</PriceUpdateDate>
      <ItemCode>7290006492852</ItemCode>
      <ItemType>1</ItemType>
      <ItemName>גבינה לבנה 5% עיזים 250ג</ItemName>
      <ManufacturerName>מחלבות גד</ManufacturerName>
      <ManufactureCountry>IL</ManufactureCountry>
      <ManufacturerItemDescription>גבינת עיזים גד</ManufacturerItemDescription>
      <UnitQty>גרמים</UnitQty>
      <Quantity>250.00</Quantity>
      <bIsWeighted>0</bIsWeighted>
      <UnitOfMeasure>100 גרם</UnitOfMeasure>
      <QtyInPackage>0</QtyInPackage>
      <ItemPrice>18.20</ItemPrice>
      <UnitOfMeasurePrice>7.28</UnitOfMeasurePrice>
      <AllowDiscount>1</AllowDiscount>
      <ItemStatus>1</ItemStatus>
    </Item>
    <Item>
      <PriceUpdateDate>2015-09-30 08:14</PriceUpdateDate>
      <ItemCode>7290006618146</ItemCode>
      <ItemType>1</ItemType>
      <ItemName>הפי מדליק פחם נוזלי 500מ</ItemName>
      <ManufacturerName>פרייק</ManufacturerName>
      <ManufactureCountry>NL</ManufactureCountry>
      <ManufacturerItemDescription>הפי מדליק פחם</ManufacturerItemDescription>
      <UnitQty>מיליליטרים</UnitQty>
      <Quantity>500.00</Quantity>
      <bIsWeighted>0</bIsWeighted>
      <UnitOfMeasure>100 מ"ל</UnitOfMeasure>
      <QtyInPackage>0</QtyInPackage>
      <ItemPrice>20.30</ItemPrice>
      <UnitOfMeasurePrice>4.06</UnitOfMeasurePrice>
      <AllowDiscount>1</AllowDiscount>
      <ItemStatus>1</ItemStatus>
    </Item>
    <Item>
      <PriceUpdateDate>2020-03-17 13:20</PriceUpdateDate>
      <ItemCode>7290006644480</ItemCode>
      <ItemType>1</ItemType>
      <ItemName>תפוזינה תפוז 500 מ"ל</ItemName>
      <ManufacturerName>יפאורה תבורי בע"\מ</ManufacturerName>
      <ManufactureCountry>IL</ManufactureCountry>
      <ManufacturerItemDescription>תפוזינה תפוז</ManufacturerItemDescription>
      <UnitQty>מיליליטרים</UnitQty>
      <Quantity>500.00</Quantity>
      <bIsWeighted>0</bIsWeighted>
      <UnitOfMeasure>100 מ"ל</UnitOfMeasure>
      <QtyInPackage>0</QtyInPackage>
      <ItemPrice>5.00</ItemPrice>
      <UnitOfMeasurePrice>1.00</UnitOfMeasurePrice>
      <AllowDiscount>1</AllowDiscount>
      <ItemStatus>1</ItemStatus>
    </Item>
    <Item>
      <PriceUpdateDate>2020-03-17 13:20</PriceUpdateDate>
      <ItemCode>7290006644497</ItemCode>
      <ItemType>1</ItemType>
      <ItemName>תפוזינה אשכוליות 500 מ"ל</ItemName>
      <ManufacturerName>יפאורה תבורי בעמ</ManufacturerName>
      <ManufactureCountry>IL</ManufactureCountry>
      <ManufacturerItemDescription>תפוזינה אשכול.</ManufacturerItemDescription>
      <UnitQty>מיליליטרים</UnitQty>
      <Quantity>500.00</Quantity>
      <bIsWeighted>0</bIsWeighted>
      <UnitOfMeasure>100 מ"ל</UnitOfMeasure>
      <QtyInPackage>0</QtyInPackage>
      <ItemPrice>5.00</ItemPrice>
      <UnitOfMeasurePrice>1.00</UnitOfMeasurePrice>
      <AllowDiscount>1</AllowDiscount>
      <ItemStatus>1</ItemStatus>
    </Item>
    <Item>
      <PriceUpdateDate>2020-03-17 13:20</PriceUpdateDate>
      <ItemCode>7290006644503</ItemCode>
      <ItemType>1</ItemType>
      <ItemName>תפוזינה לימונדה 500 מ"ל</ItemName>
      <ManufacturerName>יפאורה שותפות מובגלת לשי</ManufacturerName>
      <ManufactureCountry>IL</ManufactureCountry>
      <ManufacturerItemDescription>תפוזינה לימון</ManufacturerItemDescription>
      <UnitQty>מיליליטרים</UnitQty>
      <Quantity>500.00</Quantity>
      <bIsWeighted>0</bIsWeighted>
      <UnitOfMeasure>100 מ"ל</UnitOfMeasure>
      <QtyInPackage>0</QtyInPackage>
      <ItemPrice>5.00</ItemPrice>
      <UnitOfMeasurePrice>1.00</UnitOfMeasurePrice>
      <AllowDiscount>1</AllowDiscount>
      <ItemStatus>1</ItemStatus>
    </Item>
    <Item>
      <PriceUpdateDate>2020-03-17 13:20</PriceUpdateDate>
      <ItemCode>7290006644510</ItemCode>
      <ItemType>1</ItemType>
      <ItemName>תפוזינה ענבים 500 מ"ל</ItemName>
      <ManufacturerName>יפאורה תבורי בע"\מ</ManufacturerName>
      <ManufactureCountry>IL</ManufactureCountry>
      <ManufacturerItemDescription>תפוזינה ענבים</ManufacturerItemDescription>
      <UnitQty>מיליליטרים</UnitQty>
      <Quantity>500.00</Quantity>
      <bIsWeighted>0</bIsWeighted>
      <UnitOfMeasure>100 מ"ל</UnitOfMeasure>
      <QtyInPackage>0</QtyInPackage>
      <ItemPrice>5.00</ItemPrice>
      <UnitOfMeasurePrice>1.00</UnitOfMeasurePrice>
      <AllowDiscount>1</AllowDiscount>
      <ItemStatus>1</ItemStatus>
    </Item>
    <Item>
      <PriceUpdateDate>2018-12-16 12:57</PriceUpdateDate>
      <ItemCode>7290006644732</ItemCode>
      <ItemType>1</ItemType>
      <ItemName>ספרינג פירות טרופיים 1 ל</ItemName>
      <ManufacturerName>יפאורה תבורי בע"\מ</ManufacturerName>
      <ManufactureCountry>IL</ManufactureCountry>
      <ManufacturerItemDescription>נקטר ספרינג</ManufacturerItemDescription>
      <UnitQty>ליטרים</UnitQty>
      <Quantity>1.00</Quantity>
      <bIsWeighted>0</bIsWeighted>
      <UnitOfMeasure>ליטר</UnitOfMeasure>
      <QtyInPackage>0</QtyInPackage>
      <ItemPrice>6.20</ItemPrice>
      <UnitOfMeasurePrice>6.20</UnitOfMeasurePrice>
      <AllowDiscount>1</AllowDiscount>
      <ItemStatus>1</ItemStatus>
    </Item>
    <Item>
      <PriceUpdateDate>2016-01-05 06:48</PriceUpdateDate>
      <ItemCode>7290006653819</ItemCode>
      <ItemType>1</ItemType>
      <ItemName>קוסקוס דק 350 גרם</ItemName>
      <ManufacturerName>קוסקוס מזון</ManufacturerName>
      <ManufactureCountry>IL</ManufactureCountry>
      <ManufacturerItemDescription>קוסקוס דק</ManufacturerItemDescription>
      <UnitQty>גרמים</UnitQty>
      <Quantity>350.00</Quantity>
      <bIsWeighted>0</bIsWeighted>
      <UnitOfMeasure>100 גרם</UnitOfMeasure>
      <QtyInPackage>0</QtyInPackage>
      <ItemPrice>8.80</ItemPrice>
      <UnitOfMeasurePrice>2.51</UnitOfMeasurePrice>
      <AllowDiscount>1</AllowDiscount>
      <ItemStatus>1</ItemStatus>
    </Item>
    <Item>
      <PriceUpdateDate>2016-01-05 06:48</PriceUpdateDate>
      <ItemCode>7290006664037</ItemCode>
      <ItemType>1</ItemType>
      <ItemName>גמדים תות בננה/תפ100*4גר</ItemName>
      <ManufacturerName>שטראוס</ManufacturerName>
      <ManufactureCountry>IL</ManufactureCountry>
      <ManufacturerItemDescription>מארז גמדים 4 יח</ManufacturerItemDescription>
      <UnitQty>גרמים</UnitQty>
      <Quantity>400.00</Quantity>
      <bIsWeighted>0</bIsWeighted>
      <UnitOfMeasure>100 גרם</UnitOfMeasure>
      <QtyInPackage>0</QtyInPackage>
      <ItemPrice>11.90</ItemPrice>
      <UnitOfMeasurePrice>2.98</UnitOfMeasurePrice>
      <AllowDiscount>1</AllowDiscount>
      <ItemStatus>1</ItemStatus>
    </Item>
    <Item>
      <PriceUpdateDate>2019-11-11 07:48</PriceUpdateDate>
      <ItemCode>7290006664310</ItemCode>
      <ItemType>1</ItemType>
      <ItemName>גבינת סקי3% 250 גרם</ItemName>
      <ManufacturerName>שטראוס בריאות בע"\מ</ManufacturerName>
      <ManufactureCountry>IL</ManufactureCountry>
      <ManufacturerItemDescription>גבינת סקי 3%</ManufacturerItemDescription>
      <UnitQty>גרמים</UnitQty>
      <Quantity>250.00</Quantity>
      <bIsWeighted>0</bIsWeighted>
      <UnitOfMeasure>100 גרם</UnitOfMeasure>
      <QtyInPackage>0</QtyInPackage>
      <ItemPrice>4.80</ItemPrice>
      <UnitOfMeasurePrice>1.92</UnitOfMeasurePrice>
      <AllowDiscount>1</AllowDiscount>
      <ItemStatus>1</ItemStatus>
    </Item>
    <Item>
      <PriceUpdateDate>2016-05-13 07:22</PriceUpdateDate>
      <ItemCode>7290006664532</ItemCode>
      <ItemType>1</ItemType>
      <ItemName>דנונה תות 3% 150 גרם</ItemName>
      <ManufacturerName>שטראוס גרופ בע"\מ</ManufacturerName>
      <ManufactureCountry>IL</ManufactureCountry>
      <ManufacturerItemDescription>דנונה תות 3%</ManufacturerItemDescription>
      <UnitQty>גרמים</UnitQty>
      <Quantity>150.00</Quantity>
      <bIsWeighted>0</bIsWeighted>
      <UnitOfMeasure>100 גרם</UnitOfMeasure>
      <QtyInPackage>0</QtyInPackage>
      <ItemPrice>3.90</ItemPrice>
      <UnitOfMeasurePrice>2.60</UnitOfMeasurePrice>
      <AllowDiscount>1</AllowDiscount>
      <ItemStatus>1</ItemStatus>
    </Item>
    <Item>
      <PriceUpdateDate>2015-09-30 08:11</PriceUpdateDate>
      <ItemCode>7290006664655</ItemCode>
      <ItemType>1</ItemType>
      <ItemName>אקטימל לבן 100*8 מ"ל</ItemName>
      <ManufacturerName>שטראוס גרופ בע"\מ</ManufacturerName>
      <ManufactureCountry>IL</ManufactureCountry>
      <ManufacturerItemDescription>אקטימל לבן 8 יח</ManufacturerItemDescription>
      <UnitQty>מיליליטרים</UnitQty>
      <Quantity>800.00</Quantity>
      <bIsWeighted>0</bIsWeighted>
      <UnitOfMeasure>100 מ"ל</UnitOfMeasure>
      <QtyInPackage>0</QtyInPackage>
      <ItemPrice>22.70</ItemPrice>
      <UnitOfMeasurePrice>2.84</UnitOfMeasurePrice>
      <AllowDiscount>1</AllowDiscount>
      <ItemStatus>1</ItemStatus>
    </Item>
    <Item>
      <PriceUpdateDate>2015-09-30 08:11</PriceUpdateDate>
      <ItemCode>7290006664990</ItemCode>
      <ItemType>1</ItemType>
      <ItemName>דנונה ביו 1.7% 150*8גרם</ItemName>
      <ManufacturerName>שטראוס גרופ בע"\מ</ManufacturerName>
      <ManufactureCountry>IL</ManufactureCountry>
      <ManufacturerItemDescription>דנונה ביו 8 יח'</ManufacturerItemDescription>
      <UnitQty>קילוגרמים</UnitQty>
      <Quantity>1.20</Quantity>
      <bIsWeighted>0</bIsWeighted>
      <UnitOfMeasure>ק"ג</UnitOfMeasure>
      <QtyInPackage>0</QtyInPackage>
      <ItemPrice>17.60</ItemPrice>
      <UnitOfMeasurePrice>14.67</UnitOfMeasurePrice>
      <AllowDiscount>1</AllowDiscount>
      <ItemStatus>1</ItemStatus>
    </Item>
    <Item>
      <PriceUpdateDate>2020-08-04 16:29</PriceUpdateDate>
      <ItemCode>7290006666307</ItemCode>
      <ItemType>1</ItemType>
      <ItemName>סלט חומוס 300 גרם</ItemName>
      <ManufacturerName>סלטי משני</ManufacturerName>
      <ManufactureCountry>IL</ManufactureCountry>
      <ManufacturerItemDescription>סלט חומוס</ManufacturerItemDescription>
      <UnitQty>גרמים</UnitQty>
      <Quantity>300.00</Quantity>
      <bIsWeighted>0</bIsWeighted>
      <UnitOfMeasure>100 גרם</UnitOfMeasure>
      <QtyInPackage>0</QtyInPackage>
      <ItemPrice>13.90</ItemPrice>
      <UnitOfMeasurePrice>4.63</UnitOfMeasurePrice>
      <AllowDiscount>1</AllowDiscount>
      <ItemStatus>1</ItemStatus>
    </Item>
    <Item>
      <PriceUpdateDate>2020-08-04 16:29</PriceUpdateDate>
      <ItemCode>7290006666314</ItemCode>
      <ItemType>1</ItemType>
      <ItemName>סלט טחינה אטרף 300 גרם</ItemName>
      <ManufacturerName>סלטי משני</ManufacturerName>
      <ManufactureCountry>IL</ManufactureCountry>
      <ManufacturerItemDescription>סלט טחינה משני</ManufacturerItemDescription>
      <UnitQty>גרמים</UnitQty>
      <Quantity>300.00</Quantity>
      <bIsWeighted>0</bIsWeighted>
      <UnitOfMeasure>100 גרם</UnitOfMeasure>
      <QtyInPackage>0</QtyInPackage>
      <ItemPrice>13.90</ItemPrice>
      <UnitOfMeasurePrice>4.63</UnitOfMeasurePrice>
      <AllowDiscount>1</AllowDiscount>
      <ItemStatus>1</ItemStatus>
    </Item>
    <Item>
      <PriceUpdateDate>2015-09-30 08:11</PriceUpdateDate>
      <ItemCode>7290006666338</ItemCode>
      <ItemType>1</ItemType>
      <ItemName>סלט טחינה ירוקה 300 גרם</ItemName>
      <ManufacturerName>סלטי משני</ManufacturerName>
      <ManufactureCountry>IL</ManufactureCountry>
      <ManufacturerItemDescription>סלט טחינה ירוקה</ManufacturerItemDescription>
      <UnitQty>גרמים</UnitQty>
      <Quantity>300.00</Quantity>
      <bIsWeighted>0</bIsWeighted>
      <UnitOfMeasure>100 גרם</UnitOfMeasure>
      <QtyInPackage>0</QtyInPackage>
      <ItemPrice>15.80</ItemPrice>
      <UnitOfMeasurePrice>5.27</UnitOfMeasurePrice>
      <AllowDiscount>1</AllowDiscount>
      <ItemStatus>1</ItemStatus>
    </Item>
    <Item>
      <PriceUpdateDate>2015-09-30 08:11</PriceUpdateDate>
      <ItemCode>7290006666345</ItemCode>
      <ItemType>1</ItemType>
      <ItemName>סלט חציל במיונז 300 גרם</ItemName>
      <ManufacturerName>סלטי משני</ManufacturerName>
      <ManufactureCountry>IL</ManufactureCountry>
      <ManufacturerItemDescription>סלט חציל במיונז</ManufacturerItemDescription>
      <UnitQty>גרמים</UnitQty>
      <Quantity>300.00</Quantity>
      <bIsWeighted>0</bIsWeighted>
      <UnitOfMeasure>100 גרם</UnitOfMeasure>
      <QtyInPackage>0</QtyInPackage>
      <ItemPrice>21.70</ItemPrice>
      <UnitOfMeasurePrice>7.23</UnitOfMeasurePrice>
      <AllowDiscount>1</AllowDiscount>
      <ItemStatus>1</ItemStatus>
    </Item>
    <Item>
      <PriceUpdateDate>2015-09-30 08:11</PriceUpdateDate>
      <ItemCode>7290006666406</ItemCode>
      <ItemType>1</ItemType>
      <ItemName>סלט חציל טבעי 300 גרם</ItemName>
      <ManufacturerName>סלטי משני</ManufacturerName>
      <ManufactureCountry>IL</ManufactureCountry>
      <ManufacturerItemDescription>סלט חציל טבעי</ManufacturerItemDescription>
      <UnitQty>גרמים</UnitQty>
      <Quantity>300.00</Quantity>
      <bIsWeighted>0</bIsWeighted>
      <UnitOfMeasure>100 גרם</UnitOfMeasure>
      <QtyInPackage>0</QtyInPackage>
      <ItemPrice>21.70</ItemPrice>
      <UnitOfMeasurePrice>7.23</UnitOfMeasurePrice>
      <AllowDiscount>1</AllowDiscount>
      <ItemStatus>1</ItemStatus>
    </Item>
    <Item>
      <PriceUpdateDate>2015-09-30 08:11</PriceUpdateDate>
      <ItemCode>7290006666437</ItemCode>
      <ItemType>1</ItemType>
      <ItemName>סלט טורקי 300 גרם</ItemName>
      <ManufacturerName>סלטי משני</ManufacturerName>
      <ManufactureCountry>IL</ManufactureCountry>
      <ManufacturerItemDescription>סלט טורקי</ManufacturerItemDescription>
      <UnitQty>גרמים</UnitQty>
      <Quantity>300.00</Quantity>
      <bIsWeighted>0</bIsWeighted>
      <UnitOfMeasure>100 גרם</UnitOfMeasure>
      <QtyInPackage>0</QtyInPackage>
      <ItemPrice>18.70</ItemPrice>
      <UnitOfMeasurePrice>6.23</UnitOfMeasurePrice>
      <AllowDiscount>1</AllowDiscount>
      <ItemStatus>1</ItemStatus>
    </Item>
    <Item>
      <PriceUpdateDate>2015-09-30 08:11</PriceUpdateDate>
      <ItemCode>7290006666444</ItemCode>
      <ItemType>1</ItemType>
      <ItemName>סלט מטבוחה 300 גרם</ItemName>
      <ManufacturerName>סלטי משני</ManufacturerName>
      <ManufactureCountry>IL</ManufactureCountry>
      <ManufacturerItemDescription>סלט מטבוחה</ManufacturerItemDescription>
      <UnitQty>גרמים</UnitQty>
      <Quantity>300.00</Quantity>
      <bIsWeighted>0</bIsWeighted>
      <UnitOfMeasure>100 גרם</UnitOfMeasure>
      <QtyInPackage>0</QtyInPackage>
      <ItemPrice>21.70</ItemPrice>
      <UnitOfMeasurePrice>7.23</UnitOfMeasurePrice>
      <AllowDiscount>1</AllowDiscount>
      <ItemStatus>1</ItemStatus>
    </Item>
    <Item>
      <PriceUpdateDate>2020-08-04 16:29</PriceUpdateDate>
      <ItemCode>7290006666468</ItemCode>
      <ItemType>1</ItemType>
      <ItemName>סלט גזר בלימון 300 גרם</ItemName>
      <ManufacturerName>סלטי משני</ManufacturerName>
      <ManufactureCountry>IL</ManufactureCountry>
      <ManufacturerItemDescription>סלט גזר בלימון</ManufacturerItemDescription>
      <UnitQty>גרמים</UnitQty>
      <Quantity>300.00</Quantity>
      <bIsWeighted>0</bIsWeighted>
      <UnitOfMeasure>100 גרם</UnitOfMeasure>
      <QtyInPackage>0</QtyInPackage>
      <ItemPrice>21.50</ItemPrice>
      <UnitOfMeasurePrice>7.17</UnitOfMeasurePrice>
      <AllowDiscount>1</AllowDiscount>
      <ItemStatus>1</ItemStatus>
    </Item>
    <Item>
      <PriceUpdateDate>2015-09-30 08:11</PriceUpdateDate>
      <ItemCode>7290006666499</ItemCode>
      <ItemType>1</ItemType>
      <ItemName>סלט טונה לבנה במיונז300ג</ItemName>
      <ManufacturerName>סלטי משני</ManufacturerName>
      <ManufactureCountry>IL</ManufactureCountry>
      <ManufacturerItemDescription>סלט טונה לבנה</ManufacturerItemDescription>
      <UnitQty>גרמים</UnitQty>
      <Quantity>300.00</Quantity>
      <bIsWeighted>0</bIsWeighted>
      <UnitOfMeasure>100 גרם</UnitOfMeasure>
      <QtyInPackage>0</QtyInPackage>
      <ItemPrice>28.10</ItemPrice>
      <UnitOfMeasurePrice>9.37</UnitOfMeasurePrice>
      <AllowDiscount>1</AllowDiscount>
      <ItemStatus>1</ItemStatus>
    </Item>
    <Item>
      <PriceUpdateDate>2015-10-10 20:54</PriceUpdateDate>
      <ItemCode>7290006666529</ItemCode>
      <ItemType>1</ItemType>
      <ItemName>סלט פלפל מרוקאי 300 גרם</ItemName>
      <ManufacturerName>סלטי משני</ManufacturerName>
      <ManufactureCountry>IL</ManufactureCountry>
      <ManufacturerItemDescription>סלט פלפל מרוקאי</ManufacturerItemDescription>
      <UnitQty>גרמים</UnitQty>
      <Quantity>300.00</Quantity>
      <bIsWeighted>0</bIsWeighted>
      <UnitOfMeasure>100 גרם</UnitOfMeasure>
      <QtyInPackage>0</QtyInPackage>
      <ItemPrice>22.90</ItemPrice>
      <UnitOfMeasurePrice>7.63</UnitOfMeasurePrice>
      <AllowDiscount>1</AllowDiscount>
      <ItemStatus>1</ItemStatus>
    </Item>
    <Item>
      <PriceUpdateDate>2015-09-30 08:11</PriceUpdateDate>
      <ItemCode>7290006666628</ItemCode>
      <ItemType>1</ItemType>
      <ItemName>סלט ביצים 300 גרם</ItemName>
      <ManufacturerName>סלטי משני</ManufacturerName>
      <ManufactureCountry>IL</ManufactureCountry>
      <ManufacturerItemDescription>סלט ביצים</ManufacturerItemDescription>
      <UnitQty>גרמים</UnitQty>
      <Quantity>300.00</Quantity>
      <bIsWeighted>0</bIsWeighted>
      <UnitOfMeasure>100 גרם</UnitOfMeasure>
      <QtyInPackage>0</QtyInPackage>
      <ItemPrice>28.10</ItemPrice>
      <UnitOfMeasurePrice>9.37</UnitOfMeasurePrice>
      <AllowDiscount>1</AllowDiscount>
      <ItemStatus>1</ItemStatus>
    </Item>
    <Item>
      <PriceUpdateDate>2016-01-18 07:14</PriceUpdateDate>
      <ItemCode>7290006681065</ItemCode>
      <ItemType>1</ItemType>
      <ItemName>טעמקור XL שוקווניל יח</ItemName>
      <ManufacturerName>שטראוס</ManufacturerName>
      <ManufactureCountry>IL</ManufactureCountry>
      <ManufacturerItemDescription>טעמקור XL</ManufacturerItemDescription>
      <UnitQty>יחידה</UnitQty>
      <Quantity>1.00</Quantity>
      <bIsWeighted>0</bIsWeighted>
      <UnitOfMeasure>יחידה</UnitOfMeasure>
      <QtyInPackage>0</QtyInPackage>
      <ItemPrice>8.00</ItemPrice>
      <UnitOfMeasurePrice>8.00</UnitOfMeasurePrice>
      <AllowDiscount>1</AllowDiscount>
      <ItemStatus>1</ItemStatus>
    </Item>
    <Item>
      <PriceUpdateDate>2017-09-05 10:08</PriceUpdateDate>
      <ItemCode>7290006681553</ItemCode>
      <ItemType>1</ItemType>
      <ItemName>קרמבו וניל 8 * 29 גרם</ItemName>
      <ManufacturerName>גלידת שטראוס בע"\מ</ManufacturerName>
      <ManufactureCountry>IL</ManufactureCountry>
      <ManufacturerItemDescription>קרמבו וניל 8 יח</ManufacturerItemDescription>
      <UnitQty>גרמים</UnitQty>
      <Quantity>234.00</Quantity>
      <bIsWeighted>0</bIsWeighted>
      <UnitOfMeasure>100 גרם</UnitOfMeasure>
      <QtyInPackage>0</QtyInPackage>
      <ItemPrice>14.90</ItemPrice>
      <UnitOfMeasurePrice>6.37</UnitOfMeasurePrice>
      <AllowDiscount>1</AllowDiscount>
      <ItemStatus>1</ItemStatus>
    </Item>
    <Item>
      <PriceUpdateDate>2017-09-05 10:08</PriceUpdateDate>
      <ItemCode>7290006681560</ItemCode>
      <ItemType>1</ItemType>
      <ItemName>קרמבו מוקה 8 * 29 גרם</ItemName>
      <ManufacturerName>גלידת שטראוס בע"\מ</ManufacturerName>
      <ManufactureCountry>IL</ManufactureCountry>
      <ManufacturerItemDescription>קרמבו מוקה 8 יח</ManufacturerItemDescription>
      <UnitQty>גרמים</UnitQty>
      <Quantity>234.00</Quantity>
      <bIsWeighted>0</bIsWeighted>
      <UnitOfMeasure>100 גרם</UnitOfMeasure>
      <QtyInPackage>0</QtyInPackage>
      <ItemPrice>14.90</ItemPrice>
      <UnitOfMeasurePrice>6.37</UnitOfMeasurePrice>
      <AllowDiscount>1</AllowDiscount>
      <ItemStatus>1</ItemStatus>
    </Item>
    <Item>
      <PriceUpdateDate>2017-02-13 20:14</PriceUpdateDate>
      <ItemCode>7290006738615</ItemCode>
      <ItemType>1</ItemType>
      <ItemName>קבב זהב 400 גרם</ItemName>
      <ManufacturerName>זוגלובק</ManufacturerName>
      <ManufactureCountry>IL</ManufactureCountry>
      <ManufacturerItemDescription>קבב זהב 400 גרם</ManufacturerItemDescription>
      <UnitQty>גרמים</UnitQty>
      <Quantity>400.00</Quantity>
      <bIsWeighted>0</bIsWeighted>
      <UnitOfMeasure>100 גרם</UnitOfMeasure>
      <QtyInPackage>0</QtyInPackage>
      <ItemPrice>22.90</ItemPrice>
      <UnitOfMeasurePrice>5.73</UnitOfMeasurePrice>
      <AllowDiscount>1</AllowDiscount>
      <ItemStatus>1</ItemStatus>
    </Item>
    <Item>
      <PriceUpdateDate>2020-08-04 16:29</PriceUpdateDate>
      <ItemCode>7290006739292</ItemCode>
      <ItemType>1</ItemType>
      <ItemName>פסטרמה חזה תבור מעושן330</ItemName>
      <ManufacturerName>זוגלובק</ManufacturerName>
      <ManufactureCountry>IL</ManufactureCountry>
      <ManufacturerItemDescription>פסטרמה תבור</ManufacturerItemDescription>
      <UnitQty>גרמים</UnitQty>
      <Quantity>330.00</Quantity>
      <bIsWeighted>0</bIsWeighted>
      <UnitOfMeasure>100 גרם</UnitOfMeasure>
      <QtyInPackage>0</QtyInPackage>
      <ItemPrice>29.90</ItemPrice>
      <UnitOfMeasurePrice>9.06</UnitOfMeasurePrice>
      <AllowDiscount>1</AllowDiscount>
      <ItemStatus>1</ItemStatus>
    </Item>
    <Item>
      <PriceUpdateDate>2016-03-01 06:59</PriceUpdateDate>
      <ItemCode>7290006739414</ItemCode>
      <ItemType>1</ItemType>
      <ItemName>סלמי קוניאק 300 גרם</ItemName>
      <ManufacturerName>זוגלובק</ManufacturerName>
      <ManufactureCountry>IL</ManufactureCountry>
      <ManufacturerItemDescription>סלמי קוניאק</ManufacturerItemDescription>
      <UnitQty>גרמים</UnitQty>
      <Quantity>300.00</Quantity>
      <bIsWeighted>0</bIsWeighted>
      <UnitOfMeasure>100 גרם</UnitOfMeasure>
      <QtyInPackage>0</QtyInPackage>
      <ItemPrice>32.70</ItemPrice>
      <UnitOfMeasurePrice>10.90</UnitOfMeasurePrice>
      <AllowDiscount>1</AllowDiscount>
      <ItemStatus>1</ItemStatus>
    </Item>
    <Item>
      <PriceUpdateDate>2020-08-04 16:29</PriceUpdateDate>
      <ItemCode>7290006739544</ItemCode>
      <ItemType>1</ItemType>
      <ItemName>כתף בקר 300 גרם</ItemName>
      <ManufacturerName>זוגלובק</ManufacturerName>
      <ManufactureCountry>IL</ManufactureCountry>
      <ManufacturerItemDescription>כתף בקר</ManufacturerItemDescription>
      <UnitQty>גרמים</UnitQty>
      <Quantity>300.00</Quantity>
      <bIsWeighted>0</bIsWeighted>
      <UnitOfMeasure>100 גרם</UnitOfMeasure>
      <QtyInPackage>0</QtyInPackage>
      <ItemPrice>32.90</ItemPrice>
      <UnitOfMeasurePrice>10.97</UnitOfMeasurePrice>
      <AllowDiscount>1</AllowDiscount>
      <ItemStatus>1</ItemStatus>
    </Item>
    <Item>
      <PriceUpdateDate>2017-02-13 20:14</PriceUpdateDate>
      <ItemCode>7290006742162</ItemCode>
      <ItemType>1</ItemType>
      <ItemName>המבורגר מזרחי 400 גרם</ItemName>
      <ManufacturerName>זוגלובק</ManufacturerName>
      <ManufactureCountry>IL</ManufactureCountry>
      <ManufacturerItemDescription>המבורגר מזרחי</ManufacturerItemDescription>
      <UnitQty>גרמים</UnitQty>
      <Quantity>400.00</Quantity>
      <bIsWeighted>0</bIsWeighted>
      <UnitOfMeasure>100 גרם</UnitOfMeasure>
      <QtyInPackage>0</QtyInPackage>
      <ItemPrice>22.90</ItemPrice>
      <UnitOfMeasurePrice>5.73</UnitOfMeasurePrice>
      <AllowDiscount>1</AllowDiscount>
      <ItemStatus>1</ItemStatus>
    </Item>
    <Item>
      <PriceUpdateDate>2020-08-04 16:29</PriceUpdateDate>
      <ItemCode>7290006742278</ItemCode>
      <ItemType>1</ItemType>
      <ItemName>פסטרמה צלוי על לבנים330ג</ItemName>
      <ManufacturerName>זוגלובק</ManufacturerName>
      <ManufactureCountry>IL</ManufactureCountry>
      <ManufacturerItemDescription>פסטרמה צלויה</ManufacturerItemDescription>
      <UnitQty>גרמים</UnitQty>
      <Quantity>330.00</Quantity>
      <bIsWeighted>0</bIsWeighted>
      <UnitOfMeasure>100 גרם</UnitOfMeasure>
      <QtyInPackage>0</QtyInPackage>
      <ItemPrice>29.90</ItemPrice>
      <UnitOfMeasurePrice>9.06</UnitOfMeasurePrice>
      <AllowDiscount>1</AllowDiscount>
      <ItemStatus>1</ItemStatus>
    </Item>
    <Item>
      <PriceUpdateDate>2020-08-04 16:29</PriceUpdateDate>
      <ItemCode>7290006742292</ItemCode>
      <ItemType>1</ItemType>
      <ItemName>פסטרמה בדבש 330 גרם</ItemName>
      <ManufacturerName>זוגלובק</ManufacturerName>
      <ManufactureCountry>IL</ManufactureCountry>
      <ManufacturerItemDescription>פסטרמה בדבש</ManufacturerItemDescription>
      <UnitQty>גרמים</UnitQty>
      <Quantity>330.00</Quantity>
      <bIsWeighted>0</bIsWeighted>
      <UnitOfMeasure>100 גרם</UnitOfMeasure>
      <QtyInPackage>0</QtyInPackage>
      <ItemPrice>29.90</ItemPrice>
      <UnitOfMeasurePrice>9.06</UnitOfMeasurePrice>
      <AllowDiscount>1</AllowDiscount>
      <ItemStatus>1</ItemStatus>
    </Item>
    <Item>
      <PriceUpdateDate>2014-02-10 08:26</PriceUpdateDate>
      <ItemCode>7290006748072</ItemCode>
      <ItemType>1</ItemType>
      <ItemName>1 ע צ י ץ</ItemName>
      <ManufacturerName>פרחי ליידי דיאן</ManufacturerName>
      <ManufactureCountry>IL</ManufactureCountry>
      <ManufacturerItemDescription>1 ע צ י ץ</ManufacturerItemDescription>
      <UnitQty>יחידה</UnitQty>
      <Quantity>1.00</Quantity>
      <bIsWeighted>0</bIsWeighted>
      <UnitOfMeasure>יחידה</UnitOfMeasure>
      <QtyInPackage>0</QtyInPackage>
      <ItemPrice>35.00</ItemPrice>
      <UnitOfMeasurePrice>35.00</UnitOfMeasurePrice>
      <AllowDiscount>1</AllowDiscount>
      <ItemStatus>1</ItemStatus>
    </Item>
    <Item>
      <PriceUpdateDate>2014-02-10 08:26</PriceUpdateDate>
      <ItemCode>7290006748096</ItemCode>
      <ItemType>1</ItemType>
      <ItemName>זר סחלב</ItemName>
      <ManufacturerName>פרחי ליידי דיאן</ManufacturerName>
      <ManufactureCountry>IL</ManufactureCountry>
      <ManufacturerItemDescription>זר סחלב</ManufacturerItemDescription>
      <UnitQty>יחידה</UnitQty>
      <Quantity>1.00</Quantity>
      <bIsWeighted>0</bIsWeighted>
      <UnitOfMeasure>יחידה</UnitOfMeasure>
      <QtyInPackage>0</QtyInPackage>
      <ItemPrice>50.00</ItemPrice>
      <UnitOfMeasurePrice>50.00</UnitOfMeasurePrice>
      <AllowDiscount>1</AllowDiscount>
      <ItemStatus>1</ItemStatus>
    </Item>
    <Item>
      <PriceUpdateDate>2017-01-03 08:43</PriceUpdateDate>
      <ItemCode>7290006748119</ItemCode>
      <ItemType>1</ItemType>
      <ItemName>זר פרחים גרברה יחידה</ItemName>
      <ManufacturerName>שונות</ManufacturerName>
      <ManufactureCountry>IL</ManufactureCountry>
      <ManufacturerItemDescription>זר גרברה</ManufacturerItemDescription>
      <UnitQty>יחידה</UnitQty>
      <Quantity>1.00</Quantity>
      <bIsWeighted>0</bIsWeighted>
      <UnitOfMeasure>יחידה</UnitOfMeasure>
      <QtyInPackage>0</QtyInPackage>
      <ItemPrice>59.00</ItemPrice>
      <UnitOfMeasurePrice>59.00</UnitOfMeasurePrice>
      <AllowDiscount>1</AllowDiscount>
      <ItemStatus>1</ItemStatus>
    </Item>
    <Item>
      <PriceUpdateDate>2013-12-03 07:28</PriceUpdateDate>
      <ItemCode>7290006748133</ItemCode>
      <ItemType>1</ItemType>
      <ItemName>זר פרחים בינוני</ItemName>
      <ManufacturerName>פרחי ליידי דיאן</ManufacturerName>
      <ManufactureCountry>IL</ManufactureCountry>
      <ManufacturerItemDescription>זר פרחים בינוני</ManufacturerItemDescription>
      <UnitQty>יחידה</UnitQty>
      <Quantity>1.00</Quantity>
      <bIsWeighted>0</bIsWeighted>
      <UnitOfMeasure>יחידה</UnitOfMeasure>
      <QtyInPackage>0</QtyInPackage>
      <ItemPrice>25.00</ItemPrice>
      <UnitOfMeasurePrice>25.00</UnitOfMeasurePrice>
      <AllowDiscount>1</AllowDiscount>
      <ItemStatus>1</ItemStatus>
    </Item>
    <Item>
      <PriceUpdateDate>2013-12-03 07:28</PriceUpdateDate>
      <ItemCode>7290006748157</ItemCode>
      <ItemType>1</ItemType>
      <ItemName>זר מיוחד</ItemName>
      <ManufacturerName>פרחי ליידי דיאן</ManufacturerName>
      <ManufactureCountry>IL</ManufactureCountry>
      <ManufacturerItemDescription>זר מיוחד</ManufacturerItemDescription>
      <UnitQty>יחידה</UnitQty>
      <Quantity>1.00</Quantity>
      <bIsWeighted>0</bIsWeighted>
      <UnitOfMeasure>יחידה</UnitOfMeasure>
      <QtyInPackage>0</QtyInPackage>
      <ItemPrice>30.00</ItemPrice>
      <UnitOfMeasurePrice>30.00</UnitOfMeasurePrice>
      <AllowDiscount>1</AllowDiscount>
      <ItemStatus>1</ItemStatus>
    </Item>
    <Item>
      <PriceUpdateDate>2019-01-23 17:53</PriceUpdateDate>
      <ItemCode>7290006764072</ItemCode>
      <ItemType>1</ItemType>
      <ItemName>גולדסטאר בק.חוזר 500 מ"ל</ItemName>
      <ManufacturerName>טמפו משקאות בע"\מ</ManufacturerName>
      <ManufactureCountry>IL</ManufactureCountry>
      <ManufacturerItemDescription>בירה גולדסטאר</ManufacturerItemDescription>
      <UnitQty>מיליליטרים</UnitQty>
      <Quantity>500.00</Quantity>
      <bIsWeighted>0</bIsWeighted>
      <UnitOfMeasure>100 מ"ל</UnitOfMeasure>
      <QtyInPackage>0</QtyInPackage>
      <ItemPrice>7.70</ItemPrice>
      <UnitOfMeasurePrice>1.54</UnitOfMeasurePrice>
      <AllowDiscount>1</AllowDiscount>
      <ItemStatus>1</ItemStatus>
    </Item>
    <Item>
      <PriceUpdateDate>2019-04-12 05:34</PriceUpdateDate>
      <ItemCode>7290006764157</ItemCode>
      <ItemType>1</ItemType>
      <ItemName>גולדסטאר ל.מסונן-חוזר500</ItemName>
      <ManufacturerName>טמפו משקאות בע''מ</ManufacturerName>
      <ManufactureCountry>IL</ManufactureCountry>
      <ManufacturerItemDescription>בירה גולדסטאר</ManufacturerItemDescription>
      <UnitQty>מיליליטרים</UnitQty>
      <Quantity>500.00</Quantity>
      <bIsWeighted>0</bIsWeighted>
      <UnitOfMeasure>100 מ"ל</UnitOfMeasure>
      <QtyInPackage>1</QtyInPackage>
      <ItemPrice>7.90</ItemPrice>
      <UnitOfMeasurePrice>1.58</UnitOfMeasurePrice>
      <AllowDiscount>1</AllowDiscount>
      <ItemStatus>1</ItemStatus>
    </Item>
    <Item>
      <PriceUpdateDate>2014-07-21 07:22</PriceUpdateDate>
      <ItemCode>7290006805850</ItemCode>
      <ItemType>1</ItemType>
      <ItemName>תערובת להכנת פנקייק500גר</ItemName>
      <ManufacturerName>ג'נרל מילס</ManufacturerName>
      <ManufactureCountry>IL</ManufactureCountry>
      <ManufacturerItemDescription>תערובת לפנקייק</ManufacturerItemDescription>
      <UnitQty>גרמים</UnitQty>
      <Quantity>500.00</Quantity>
      <bIsWeighted>0</bIsWeighted>
      <UnitOfMeasure>100 גרם</UnitOfMeasure>
      <QtyInPackage>0</QtyInPackage>
      <ItemPrice>19.90</ItemPrice>
      <UnitOfMeasurePrice>3.98</UnitOfMeasurePrice>
      <AllowDiscount>1</AllowDiscount>
      <ItemStatus>1</ItemStatus>
    </Item>
    <Item>
      <PriceUpdateDate>2015-09-30 08:07</PriceUpdateDate>
      <ItemCode>7290006822192</ItemCode>
      <ItemType>1</ItemType>
      <ItemName>אושן ספריי חמוציות דיאט</ItemName>
      <ManufacturerName>---</ManufacturerName>
      <ManufactureCountry>IL</ManufactureCountry>
      <ManufacturerItemDescription>אושן ספריי</ManufacturerItemDescription>
      <UnitQty>ליטרים</UnitQty>
      <Quantity>1.00</Quantity>
      <bIsWeighted>0</bIsWeighted>
      <UnitOfMeasure>ליטר</UnitOfMeasure>
      <QtyInPackage>0</QtyInPackage>
      <ItemPrice>11.90</ItemPrice>
      <UnitOfMeasurePrice>11.90</UnitOfMeasurePrice>
      <AllowDiscount>1</AllowDiscount>
      <ItemStatus>1</ItemStatus>
    </Item>
    <Item>
      <PriceUpdateDate>2019-06-19 08:00</PriceUpdateDate>
      <ItemCode>7290006869449</ItemCode>
      <ItemType>1</ItemType>
      <ItemName>לבן 3% שומן 150 מ"ל</ItemName>
      <ManufacturerName>טרה</ManufacturerName>
      <ManufactureCountry>IL</ManufactureCountry>
      <ManufacturerItemDescription>לבן 3% שומן טרה</ManufacturerItemDescription>
      <UnitQty>מיליליטרים</UnitQty>
      <Quantity>150.00</Quantity>
      <bIsWeighted>0</bIsWeighted>
      <UnitOfMeasure>100 מ"ל</UnitOfMeasure>
      <QtyInPackage>0</QtyInPackage>
      <ItemPrice>1.08</ItemPrice>
      <UnitOfMeasurePrice>0.72</UnitOfMeasurePrice>
      <AllowDiscount>1</AllowDiscount>
      <ItemStatus>1</ItemStatus>
    </Item>
    <Item>
      <PriceUpdateDate>2015-09-30 08:04</PriceUpdateDate>
      <ItemCode>7290006983152</ItemCode>
      <ItemType>1</ItemType>
      <ItemName>קרוטונים מתובלים למרק400</ItemName>
      <ManufacturerName>עינת תעשיות</ManufacturerName>
      <ManufactureCountry>IL</ManufactureCountry>
      <ManufacturerItemDescription>קרוטונים מתובלים</ManufacturerItemDescription>
      <UnitQty>גרמים</UnitQty>
      <Quantity>400.00</Quantity>
      <bIsWeighted>0</bIsWeighted>
      <UnitOfMeasure>100 גרם</UnitOfMeasure>
      <QtyInPackage>0</QtyInPackage>
      <ItemPrice>20.80</ItemPrice>
      <UnitOfMeasurePrice>5.20</UnitOfMeasurePrice>
      <AllowDiscount>1</AllowDiscount>
      <ItemStatus>1</ItemStatus>
    </Item>
    <Item>
      <PriceUpdateDate>2016-01-05 06:48</PriceUpdateDate>
      <ItemCode>7290006983176</ItemCode>
      <ItemType>1</ItemType>
      <ItemName>לחמית שיפון 230 גרם</ItemName>
      <ManufacturerName>אסם השקעות בע"\מ</ManufacturerName>
      <ManufactureCountry>IL</ManufactureCountry>
      <ManufacturerItemDescription>לחמית שיפון אסם</ManufacturerItemDescription>
      <UnitQty>גרמים</UnitQty>
      <Quantity>230.00</Quantity>
      <bIsWeighted>0</bIsWeighted>
      <UnitOfMeasure>100 גרם</UnitOfMeasure>
      <QtyInPackage>0</QtyInPackage>
      <ItemPrice>9.90</ItemPrice>
      <UnitOfMeasurePrice>4.30</UnitOfMeasurePrice>
      <AllowDiscount>1</AllowDiscount>
      <ItemStatus>1</ItemStatus>
    </Item>
    <Item>
      <PriceUpdateDate>2018-01-30 11:39</PriceUpdateDate>
      <ItemCode>7290006983763</ItemCode>
      <ItemType>1</ItemType>
      <ItemName>עוגה בטעם שוקולד 400 גרם</ItemName>
      <ManufacturerName>אסם השקעות בע"\מ</ManufacturerName>
      <ManufactureCountry>IL</ManufactureCountry>
      <ManufacturerItemDescription>עוגת שוקולד</ManufacturerItemDescription>
      <UnitQty>גרמים</UnitQty>
      <Quantity>400.00</Quantity>
      <bIsWeighted>0</bIsWeighted>
      <UnitOfMeasure>100 גרם</UnitOfMeasure>
      <QtyInPackage>0</QtyInPackage>
      <ItemPrice>13.40</ItemPrice>
      <UnitOfMeasurePrice>3.35</UnitOfMeasurePrice>
      <AllowDiscount>1</AllowDiscount>
      <ItemStatus>1</ItemStatus>
    </Item>
    <Item>
      <PriceUpdateDate>2018-01-30 11:39</PriceUpdateDate>
      <ItemCode>7290006983770</ItemCode>
      <ItemType>1</ItemType>
      <ItemName>עוגת הבית שיש אסם 400 גר</ItemName>
      <ManufacturerName>אסם השקעות בע"\מ</ManufacturerName>
      <ManufactureCountry>IL</ManufactureCountry>
      <ManufacturerItemDescription>עוגת שיש</ManufacturerItemDescription>
      <UnitQty>גרמים</UnitQty>
      <Quantity>400.00</Quantity>
      <bIsWeighted>0</bIsWeighted>
      <UnitOfMeasure>100 גרם</UnitOfMeasure>
      <QtyInPackage>0</QtyInPackage>
      <ItemPrice>13.40</ItemPrice>
      <UnitOfMeasurePrice>3.35</UnitOfMeasurePrice>
      <AllowDiscount>1</AllowDiscount>
      <ItemStatus>1</ItemStatus>
    </Item>
    <Item>
      <PriceUpdateDate>2018-01-30 11:39</PriceUpdateDate>
      <ItemCode>7290006983787</ItemCode>
      <ItemType>1</ItemType>
      <ItemName>עוגת שוקולד צ'יפס 400 גר</ItemName>
      <ManufacturerName>אסם השקעות בע"\מ</ManufacturerName>
      <ManufactureCountry>IL</ManufactureCountry>
      <ManufacturerItemDescription>עוגת שוקוצ'יפס</ManufacturerItemDescription>
      <UnitQty>גרמים</UnitQty>
      <Quantity>400.00</Quantity>
      <bIsWeighted>0</bIsWeighted>
      <UnitOfMeasure>100 גרם</UnitOfMeasure>
      <QtyInPackage>0</QtyInPackage>
      <ItemPrice>13.40</ItemPrice>
      <UnitOfMeasurePrice>3.35</UnitOfMeasurePrice>
      <AllowDiscount>1</AllowDiscount>
      <ItemStatus>1</ItemStatus>
    </Item>
    <Item>
      <PriceUpdateDate>2018-01-30 11:39</PriceUpdateDate>
      <ItemCode>7290006983794</ItemCode>
      <ItemType>1</ItemType>
      <ItemName>עוגת הבית תפוז 400 גרם</ItemName>
      <ManufacturerName>אסם השקעות בע"\מ</ManufacturerName>
      <ManufactureCountry>IL</ManufactureCountry>
      <ManufacturerItemDescription>עוגת תפוז</ManufacturerItemDescription>
      <UnitQty>גרמים</UnitQty>
      <Quantity>400.00</Quantity>
      <bIsWeighted>0</bIsWeighted>
      <UnitOfMeasure>100 גרם</UnitOfMeasure>
      <QtyInPackage>0</QtyInPackage>
      <ItemPrice>13.40</ItemPrice>
      <UnitOfMeasurePrice>3.35</UnitOfMeasurePrice>
      <AllowDiscount>1</AllowDiscount>
      <ItemStatus>1</ItemStatus>
    </Item>
    <Item>
      <PriceUpdateDate>2016-01-05 06:48</PriceUpdateDate>
      <ItemCode>7290006984647</ItemCode>
      <ItemType>1</ItemType>
      <ItemName>חטיפי פריכונים מלוח 80גר</ItemName>
      <ManufacturerName>פרח תעשיות מזון בע"מ.</ManufacturerName>
      <ManufactureCountry>IL</ManufactureCountry>
      <ManufacturerItemDescription>חטיפי פריכונים</ManufacturerItemDescription>
      <UnitQty>גרמים</UnitQty>
      <Quantity>80.00</Quantity>
      <bIsWeighted>0</bIsWeighted>
      <UnitOfMeasure>100 גרם</UnitOfMeasure>
      <QtyInPackage>0</QtyInPackage>
      <ItemPrice>8.20</ItemPrice>
      <UnitOfMeasurePrice>10.25</UnitOfMeasurePrice>
      <AllowDiscount>1</AllowDiscount>
      <ItemStatus>1</ItemStatus>
    </Item>
    <Item>
      <PriceUpdateDate>2013-11-21 06:37</PriceUpdateDate>
      <ItemCode>7290007144729</ItemCode>
      <ItemType>1</ItemType>
      <ItemName>בגט לבן אפוי קפוא 330גרם</ItemName>
      <ManufacturerName>גידרון</ManufacturerName>
      <ManufactureCountry>IL</ManufactureCountry>
      <ManufacturerItemDescription>בגט לבן</ManufacturerItemDescription>
      <UnitQty>יחידה</UnitQty>
      <Quantity>1.00</Quantity>
      <bIsWeighted>0</bIsWeighted>
      <UnitOfMeasure>יחידה</UnitOfMeasure>
      <QtyInPackage>0</QtyInPackage>
      <ItemPrice>4.90</ItemPrice>
      <UnitOfMeasurePrice>4.90</UnitOfMeasurePrice>
      <AllowDiscount>1</AllowDiscount>
      <ItemStatus>1</ItemStatus>
    </Item>
    <Item>
      <PriceUpdateDate>2015-09-30 08:07</PriceUpdateDate>
      <ItemCode>7290008333115</ItemCode>
      <ItemType>1</ItemType>
      <ItemName>אבקת ג'לטין טהור 28 גרם</ItemName>
      <ManufacturerName>מאיר עזרא ובניו</ManufacturerName>
      <ManufactureCountry>TW</ManufactureCountry>
      <ManufacturerItemDescription>אבקת ג'לטין</ManufacturerItemDescription>
      <UnitQty>גרמים</UnitQty>
      <Quantity>28.00</Quantity>
      <bIsWeighted>0</bIsWeighted>
      <UnitOfMeasure>100 גרם</UnitOfMeasure>
      <QtyInPackage>0</QtyInPackage>
      <ItemPrice>11.10</ItemPrice>
      <UnitOfMeasurePrice>39.64</UnitOfMeasurePrice>
      <AllowDiscount>1</AllowDiscount>
      <ItemStatus>1</ItemStatus>
    </Item>
    <Item>
      <PriceUpdateDate>2018-01-23 08:52</PriceUpdateDate>
      <ItemCode>7290008340618</ItemCode>
      <ItemType>1</ItemType>
      <ItemName>סלמון מעושן מצונן 100 גר</ItemName>
      <ManufacturerName>ויליגר תעשיות בעמ</ManufacturerName>
      <ManufactureCountry>IL</ManufactureCountry>
      <ManufacturerItemDescription>סלמון מעושן</ManufacturerItemDescription>
      <UnitQty>גרמים</UnitQty>
      <Quantity>100.00</Quantity>
      <bIsWeighted>0</bIsWeighted>
      <UnitOfMeasure>100 גרם</UnitOfMeasure>
      <QtyInPackage>0</QtyInPackage>
      <ItemPrice>20.00</ItemPrice>
      <UnitOfMeasurePrice>20.00</UnitOfMeasurePrice>
      <AllowDiscount>1</AllowDiscount>
      <ItemStatus>1</ItemStatus>
    </Item>
    <Item>
      <PriceUpdateDate>2016-05-03 06:55</PriceUpdateDate>
      <ItemCode>7290008345132</ItemCode>
      <ItemType>1</ItemType>
      <ItemName>הרינג כבוש 240 גרם</ItemName>
      <ManufacturerName>דלידג - נטו</ManufacturerName>
      <ManufactureCountry>IL</ManufactureCountry>
      <ManufacturerItemDescription>הרינג כבוש</ManufacturerItemDescription>
      <UnitQty>גרמים</UnitQty>
      <Quantity>240.00</Quantity>
      <bIsWeighted>0</bIsWeighted>
      <UnitOfMeasure>100 גרם</UnitOfMeasure>
      <QtyInPackage>0</QtyInPackage>
      <ItemPrice>24.30</ItemPrice>
      <UnitOfMeasurePrice>10.13</UnitOfMeasurePrice>
      <AllowDiscount>1</AllowDiscount>
      <ItemStatus>1</ItemStatus>
    </Item>
    <Item>
      <PriceUpdateDate>2017-08-01 07:06</PriceUpdateDate>
      <ItemCode>7290008409124</ItemCode>
      <ItemType>1</ItemType>
      <ItemName>שניצל ג'ונגל 700 גרם</ItemName>
      <ManufacturerName>תנובה גליל שותפות מוגבלת</ManufacturerName>
      <ManufactureCountry>IL</ManufactureCountry>
      <ManufacturerItemDescription>שניצל ג'ונגל</ManufacturerItemDescription>
      <UnitQty>גרמים</UnitQty>
      <Quantity>700.00</Quantity>
      <bIsWeighted>0</bIsWeighted>
      <UnitOfMeasure>100 גרם</UnitOfMeasure>
      <QtyInPackage>0</QtyInPackage>
      <ItemPrice>37.90</ItemPrice>
      <UnitOfMeasurePrice>5.41</UnitOfMeasurePrice>
      <AllowDiscount>1</AllowDiscount>
      <ItemStatus>1</ItemStatus>
    </Item>
    <Item>
      <PriceUpdateDate>2015-09-30 08:00</PriceUpdateDate>
      <ItemCode>7290008409377</ItemCode>
      <ItemType>1</ItemType>
      <ItemName>שווארמה פרגיות 400 גרם</ItemName>
      <ManufacturerName>תנובה גליל שותפות מוגבלת</ManufacturerName>
      <ManufactureCountry>IL</ManufactureCountry>
      <ManufacturerItemDescription>שווארמה 400 גר</ManufacturerItemDescription>
      <UnitQty>גרמים</UnitQty>
      <Quantity>400.00</Quantity>
      <bIsWeighted>0</bIsWeighted>
      <UnitOfMeasure>100 גרם</UnitOfMeasure>
      <QtyInPackage>0</QtyInPackage>
      <ItemPrice>38.70</ItemPrice>
      <UnitOfMeasurePrice>9.68</UnitOfMeasurePrice>
      <AllowDiscount>1</AllowDiscount>
      <ItemStatus>1</ItemStatus>
    </Item>
    <Item>
      <PriceUpdateDate>2015-09-30 08:00</PriceUpdateDate>
      <ItemCode>7290008409421</ItemCode>
      <ItemType>1</ItemType>
      <ItemName>גריל חזה עוף טרי 420 גרם</ItemName>
      <ManufacturerName>תנובה גליל שותפות מוגבלת</ManufacturerName>
      <ManufactureCountry>IL</ManufactureCountry>
      <ManufacturerItemDescription>גריל חזה עוף</ManufacturerItemDescription>
      <UnitQty>גרמים</UnitQty>
      <Quantity>420.00</Quantity>
      <bIsWeighted>0</bIsWeighted>
      <UnitOfMeasure>100 גרם</UnitOfMeasure>
      <QtyInPackage>0</QtyInPackage>
      <ItemPrice>37.70</ItemPrice>
      <UnitOfMeasurePrice>8.98</UnitOfMeasurePrice>
      <AllowDiscount>1</AllowDiscount>
      <ItemStatus>1</ItemStatus>
    </Item>
    <Item>
      <PriceUpdateDate>2015-09-30 08:00</PriceUpdateDate>
      <ItemCode>7290008409476</ItemCode>
      <ItemType>1</ItemType>
      <ItemName>קציצות עוף"מאמאעוף" 480</ItemName>
      <ManufacturerName>תנובה</ManufacturerName>
      <ManufactureCountry>IL</ManufactureCountry>
      <ManufacturerItemDescription>קציצות עוף</ManufacturerItemDescription>
      <UnitQty>גרמים</UnitQty>
      <Quantity>480.00</Quantity>
      <bIsWeighted>0</bIsWeighted>
      <UnitOfMeasure>100 גרם</UnitOfMeasure>
      <QtyInPackage>0</QtyInPackage>
      <ItemPrice>27.30</ItemPrice>
      <UnitOfMeasurePrice>5.69</UnitOfMeasurePrice>
      <AllowDiscount>1</AllowDiscount>
      <ItemStatus>1</ItemStatus>
    </Item>
    <Item>
      <PriceUpdateDate>2020-10-10 18:30</PriceUpdateDate>
      <ItemCode>7290008409551</ItemCode>
      <ItemType>1</ItemType>
      <ItemName>שניצל עוף אמיתי מעודן700</ItemName>
      <ManufacturerName>תנובה גליל שותפות מוגבלת</ManufacturerName>
      <ManufactureCountry>IL</ManufactureCountry>
      <ManufacturerItemDescription>שניצל עוף אמיתי</ManufacturerItemDescription>
      <UnitQty>גרמים</UnitQty>
      <Quantity>700.00</Quantity>
      <bIsWeighted>0</bIsWeighted>
      <UnitOfMeasure>100 גרם</UnitOfMeasure>
      <QtyInPackage>0</QtyInPackage>
      <ItemPrice>39.90</ItemPrice>
      <UnitOfMeasurePrice>5.70</UnitOfMeasurePrice>
      <AllowDiscount>1</AllowDiscount>
      <ItemStatus>1</ItemStatus>
    </Item>
    <Item>
      <PriceUpdateDate>2020-10-10 18:30</PriceUpdateDate>
      <ItemCode>7290008409568</ItemCode>
      <ItemType>1</ItemType>
      <ItemName>שניצל ציפס אמיתי 700 גרם</ItemName>
      <ManufacturerName>תנובה גליל שותפות מוגבלת</ManufacturerName>
      <ManufactureCountry>IL</ManufactureCountry>
      <ManufacturerItemDescription>שניצל ציפס אמיתי</ManufacturerItemDescription>
      <UnitQty>גרמים</UnitQty>
      <Quantity>700.00</Quantity>
      <bIsWeighted>0</bIsWeighted>
      <UnitOfMeasure>100 גרם</UnitOfMeasure>
      <QtyInPackage>0</QtyInPackage>
      <ItemPrice>39.90</ItemPrice>
      <UnitOfMeasurePrice>5.70</UnitOfMeasurePrice>
      <AllowDiscount>1</AllowDiscount>
      <ItemStatus>1</ItemStatus>
    </Item>
    <Item>
      <PriceUpdateDate>2015-09-30 08:00</PriceUpdateDate>
      <ItemCode>7290008409582</ItemCode>
      <ItemType>1</ItemType>
      <ItemName>שניצל אמיתי ביתי 700 גרם</ItemName>
      <ManufacturerName>תנובה גליל שותפות מוגבלת</ManufacturerName>
      <ManufactureCountry>IL</ManufactureCountry>
      <ManufacturerItemDescription>שניצל אמיתי ביתי</ManufacturerItemDescription>
      <UnitQty>גרמים</UnitQty>
      <Quantity>700.00</Quantity>
      <bIsWeighted>0</bIsWeighted>
      <UnitOfMeasure>100 גרם</UnitOfMeasure>
      <QtyInPackage>0</QtyInPackage>
      <ItemPrice>44.50</ItemPrice>
      <UnitOfMeasurePrice>6.36</UnitOfMeasurePrice>
      <AllowDiscount>1</AllowDiscount>
      <ItemStatus>1</ItemStatus>
    </Item>
    <Item>
      <PriceUpdateDate>2014-07-22 06:43</PriceUpdateDate>
      <ItemCode>7290008415514</ItemCode>
      <ItemType>1</ItemType>
      <ItemName>חומוס עם חריף 150 גרם</ItemName>
      <ManufacturerName>סלטי צבר</ManufacturerName>
      <ManufactureCountry>IL</ManufactureCountry>
      <ManufacturerItemDescription>חומוס עם חריף</ManufacturerItemDescription>
      <UnitQty>גרמים</UnitQty>
      <Quantity>150.00</Quantity>
      <bIsWeighted>0</bIsWeighted>
      <UnitOfMeasure>100 גרם</UnitOfMeasure>
      <QtyInPackage>0</QtyInPackage>
      <ItemPrice>5.80</ItemPrice>
      <UnitOfMeasurePrice>3.87</UnitOfMeasurePrice>
      <AllowDiscount>1</AllowDiscount>
      <ItemStatus>1</ItemStatus>
    </Item>
    <Item>
      <PriceUpdateDate>2019-01-23 17:53</PriceUpdateDate>
      <ItemCode>7290008464024</ItemCode>
      <ItemType>1</ItemType>
      <ItemName>גולדסטאר בפחית</ItemName>
      <ManufacturerName />
      <ManufactureCountry>IL</ManufactureCountry>
      <ManufacturerItemDescription>גולדסטאר בפחית</ManufacturerItemDescription>
      <UnitQty>מיליליטרים</UnitQty>
      <Quantity>500.00</Quantity>
      <bIsWeighted>0</bIsWeighted>
      <UnitOfMeasure>100 מ"ל</UnitOfMeasure>
      <QtyInPackage>0</QtyInPackage>
      <ItemPrice>10.90</ItemPrice>
      <UnitOfMeasurePrice>2.18</UnitOfMeasurePrice>
      <AllowDiscount>1</AllowDiscount>
      <ItemStatus>1</ItemStatus>
    </Item>
    <Item>
      <PriceUpdateDate>2019-02-22 05:36</PriceUpdateDate>
      <ItemCode>7290008464192</ItemCode>
      <ItemType>1</ItemType>
      <ItemName>פיקסי תפוח למונגראס275מל</ItemName>
      <ManufacturerName>טמפו משקאות בע"\מ</ManufacturerName>
      <ManufactureCountry>IL</ManufactureCountry>
      <ManufacturerItemDescription>פיקסי תפוח</ManufacturerItemDescription>
      <UnitQty>מיליליטרים</UnitQty>
      <Quantity>275.00</Quantity>
      <bIsWeighted>0</bIsWeighted>
      <UnitOfMeasure>100 מ"ל</UnitOfMeasure>
      <QtyInPackage>1</QtyInPackage>
      <ItemPrice>6.90</ItemPrice>
      <UnitOfMeasurePrice>2.51</UnitOfMeasurePrice>
      <AllowDiscount>1</AllowDiscount>
      <ItemStatus>1</ItemStatus>
    </Item>
    <Item>
      <PriceUpdateDate>2020-02-07 05:36</PriceUpdateDate>
      <ItemCode>7290008464215</ItemCode>
      <ItemType>1</ItemType>
      <ItemName>פיקסי תות ליים 275 מ"ל</ItemName>
      <ManufacturerName>טמפו משקאות בע"מ</ManufacturerName>
      <ManufactureCountry>IL</ManufactureCountry>
      <ManufacturerItemDescription>פיקסי תות ליים</ManufacturerItemDescription>
      <UnitQty>מיליליטרים</UnitQty>
      <Quantity>275.00</Quantity>
      <bIsWeighted>0</bIsWeighted>
      <UnitOfMeasure>100 מ"ל</UnitOfMeasure>
      <QtyInPackage>1</QtyInPackage>
      <ItemPrice>6.90</ItemPrice>
      <UnitOfMeasurePrice>2.51</UnitOfMeasurePrice>
      <AllowDiscount>1</AllowDiscount>
      <ItemStatus>1</ItemStatus>
    </Item>
    <Item>
      <PriceUpdateDate>2019-01-23 17:53</PriceUpdateDate>
      <ItemCode>7290008464468</ItemCode>
      <ItemType>1</ItemType>
      <ItemName>בירה גולדסטאר פחית 500מל</ItemName>
      <ManufacturerName>טמפו</ManufacturerName>
      <ManufactureCountry>IL</ManufactureCountry>
      <ManufacturerItemDescription>בירה גולדסטאר</ManufacturerItemDescription>
      <UnitQty>מיליליטרים</UnitQty>
      <Quantity>500.00</Quantity>
      <bIsWeighted>0</bIsWeighted>
      <UnitOfMeasure>100 מ"ל</UnitOfMeasure>
      <QtyInPackage>0</QtyInPackage>
      <ItemPrice>9.30</ItemPrice>
      <UnitOfMeasurePrice>1.86</UnitOfMeasurePrice>
      <AllowDiscount>1</AllowDiscount>
      <ItemStatus>1</ItemStatus>
    </Item>
    <Item>
      <PriceUpdateDate>2019-01-23 17:53</PriceUpdateDate>
      <ItemCode>7290008464604</ItemCode>
      <ItemType>1</ItemType>
      <ItemName>בירה הייניקן פחית 500מ"ל</ItemName>
      <ManufacturerName>היינקן</ManufacturerName>
      <ManufactureCountry>NL</ManufactureCountry>
      <ManufacturerItemDescription>בירה היינקן פחית</ManufacturerItemDescription>
      <UnitQty>מיליליטרים</UnitQty>
      <Quantity>500.00</Quantity>
      <bIsWeighted>0</bIsWeighted>
      <UnitOfMeasure>100 מ"ל</UnitOfMeasure>
      <QtyInPackage>0</QtyInPackage>
      <ItemPrice>13.60</ItemPrice>
      <UnitOfMeasurePrice>2.72</UnitOfMeasurePrice>
      <AllowDiscount>1</AllowDiscount>
      <ItemStatus>1</ItemStatus>
    </Item>
    <Item>
      <PriceUpdateDate>2020-10-10 18:30</PriceUpdateDate>
      <ItemCode>7290008464734</ItemCode>
      <ItemType>1</ItemType>
      <ItemName>גולדסטארBREW SLOW 330*6</ItemName>
      <ManufacturerName>טמפו</ManufacturerName>
      <ManufactureCountry>IL</ManufactureCountry>
      <ManufacturerItemDescription>בירה גולדסטאר6יח</ManufacturerItemDescription>
      <UnitQty>ליטרים</UnitQty>
      <Quantity>1.98</Quantity>
      <bIsWeighted>0</bIsWeighted>
      <UnitOfMeasure>ליטר</UnitOfMeasure>
      <QtyInPackage>1</QtyInPackage>
      <ItemPrice>39.90</ItemPrice>
      <UnitOfMeasurePrice>20.15</UnitOfMeasurePrice>
      <AllowDiscount>1</AllowDiscount>
      <ItemStatus>1</ItemStatus>
    </Item>
    <Item>
      <PriceUpdateDate>2019-01-31 10:29</PriceUpdateDate>
      <ItemCode>7290008464741</ItemCode>
      <ItemType>1</ItemType>
      <ItemName>בירה גולדסטאר בק330*6מ"ל</ItemName>
      <ManufacturerName>טמפו משקאות בע"\מ</ManufacturerName>
      <ManufactureCountry>IL</ManufactureCountry>
      <ManufacturerItemDescription>גולדסטאר 6 יח'</ManufacturerItemDescription>
      <UnitQty>ליטרים</UnitQty>
      <Quantity>1.98</Quantity>
      <bIsWeighted>0</bIsWeighted>
      <UnitOfMeasure>ליטר</UnitOfMeasure>
      <QtyInPackage>0</QtyInPackage>
      <ItemPrice>40.90</ItemPrice>
      <UnitOfMeasurePrice>20.66</UnitOfMeasurePrice>
      <AllowDiscount>1</AllowDiscount>
      <ItemStatus>1</ItemStatus>
    </Item>
    <Item>
      <PriceUpdateDate>2017-02-07 07:17</PriceUpdateDate>
      <ItemCode>7290008644112</ItemCode>
      <ItemType>1</ItemType>
      <ItemName>סלט מטבוחה יום יום 125גר</ItemName>
      <ManufacturerName>שטראוס גרופ בע"\מ</ManufacturerName>
      <ManufactureCountry>IL</ManufactureCountry>
      <ManufacturerItemDescription>מטבוחה יום יום</ManufacturerItemDescription>
      <UnitQty>גרמים</UnitQty>
      <Quantity>125.00</Quantity>
      <bIsWeighted>0</bIsWeighted>
      <UnitOfMeasure>100 גרם</UnitOfMeasure>
      <QtyInPackage>0</QtyInPackage>
      <ItemPrice>5.70</ItemPrice>
      <UnitOfMeasurePrice>4.56</UnitOfMeasurePrice>
      <AllowDiscount>1</AllowDiscount>
      <ItemStatus>1</ItemStatus>
    </Item>
    <Item>
      <PriceUpdateDate>2020-08-04 16:29</PriceUpdateDate>
      <ItemCode>7290008645935</ItemCode>
      <ItemType>1</ItemType>
      <ItemName>חומוס אחלה 750 גרם</ItemName>
      <ManufacturerName>שטראוס גרופ בע"\מ</ManufacturerName>
      <ManufactureCountry>IL</ManufactureCountry>
      <ManufacturerItemDescription>חומוס אחלה</ManufacturerItemDescription>
      <UnitQty>גרמים</UnitQty>
      <Quantity>750.00</Quantity>
      <bIsWeighted>0</bIsWeighted>
      <UnitOfMeasure>100 גרם</UnitOfMeasure>
      <QtyInPackage>0</QtyInPackage>
      <ItemPrice>11.90</ItemPrice>
      <UnitOfMeasurePrice>1.59</UnitOfMeasurePrice>
      <AllowDiscount>1</AllowDiscount>
      <ItemStatus>1</ItemStatus>
    </Item>
    <Item>
      <PriceUpdateDate>2015-09-30 08:14</PriceUpdateDate>
      <ItemCode>7290008679428</ItemCode>
      <ItemType>1</ItemType>
      <ItemName>זוג כפפות בית</ItemName>
      <ManufacturerName />
      <ManufactureCountry>IL</ManufactureCountry>
      <ManufacturerItemDescription>זוג כפפות בית</ManufacturerItemDescription>
      <UnitQty>יחידה</UnitQty>
      <Quantity>1.00</Quantity>
      <bIsWeighted>0</bIsWeighted>
      <UnitOfMeasure>יחידה</UnitOfMeasure>
      <QtyInPackage>0</QtyInPackage>
      <ItemPrice>6.70</ItemPrice>
      <UnitOfMeasurePrice>6.70</UnitOfMeasurePrice>
      <AllowDiscount>1</AllowDiscount>
      <ItemStatus>1</ItemStatus>
    </Item>
    <Item>
      <PriceUpdateDate>2015-09-30 08:07</PriceUpdateDate>
      <ItemCode>7290008690713</ItemCode>
      <ItemType>1</ItemType>
      <ItemName>אושן ספריי חמוציות 1ליטר</ItemName>
      <ManufacturerName>---</ManufacturerName>
      <ManufactureCountry>IL</ManufactureCountry>
      <ManufacturerItemDescription>אושן ספריי</ManufacturerItemDescription>
      <UnitQty>ליטרים</UnitQty>
      <Quantity>1.00</Quantity>
      <bIsWeighted>0</bIsWeighted>
      <UnitOfMeasure>ליטר</UnitOfMeasure>
      <QtyInPackage>0</QtyInPackage>
      <ItemPrice>11.90</ItemPrice>
      <UnitOfMeasurePrice>11.90</UnitOfMeasurePrice>
      <AllowDiscount>1</AllowDiscount>
      <ItemStatus>1</ItemStatus>
    </Item>
    <Item>
      <PriceUpdateDate>2015-02-09 06:38</PriceUpdateDate>
      <ItemCode>7290008693134</ItemCode>
      <ItemType>1</ItemType>
      <ItemName>דניאלה תות מוקצף5% 150מ</ItemName>
      <ManufacturerName>שטראוס גרופ בע"\מ</ManufacturerName>
      <ManufactureCountry>IL</ManufactureCountry>
      <ManufacturerItemDescription>דניאלה תות מוקצף</ManufacturerItemDescription>
      <UnitQty>מיליליטרים</UnitQty>
      <Quantity>150.00</Quantity>
      <bIsWeighted>0</bIsWeighted>
      <UnitOfMeasure>100 מ"ל</UnitOfMeasure>
      <QtyInPackage>0</QtyInPackage>
      <ItemPrice>4.30</ItemPrice>
      <UnitOfMeasurePrice>2.87</UnitOfMeasurePrice>
      <AllowDiscount>1</AllowDiscount>
      <ItemStatus>1</ItemStatus>
    </Item>
    <Item>
      <PriceUpdateDate>2017-11-14 10:38</PriceUpdateDate>
      <ItemCode>7290008713016</ItemCode>
      <ItemType>1</ItemType>
      <ItemName>לחם שבעה דגנים קל 500גרם</ItemName>
      <ManufacturerName>מאפיית שלמה א. אנג'\ל בע</ManufacturerName>
      <ManufactureCountry>IL</ManufactureCountry>
      <ManufacturerItemDescription>לחם שבעה דגנים</ManufacturerItemDescription>
      <UnitQty>גרמים</UnitQty>
      <Quantity>500.00</Quantity>
      <bIsWeighted>0</bIsWeighted>
      <UnitOfMeasure>100 גרם</UnitOfMeasure>
      <QtyInPackage>0</QtyInPackage>
      <ItemPrice>15.90</ItemPrice>
      <UnitOfMeasurePrice>3.18</UnitOfMeasurePrice>
      <AllowDiscount>1</AllowDiscount>
      <ItemStatus>1</ItemStatus>
    </Item>
    <Item>
      <PriceUpdateDate>2017-11-14 10:38</PriceUpdateDate>
      <ItemCode>7290008713900</ItemCode>
      <ItemType>1</ItemType>
      <ItemName>לחם שיפון עגול 750 גרם</ItemName>
      <ManufacturerName>מאפיית אנג'\ל אורנים מאפ</ManufacturerName>
      <ManufactureCountry>IL</ManufactureCountry>
      <ManufacturerItemDescription>לחם שיפון עגול</ManufacturerItemDescription>
      <UnitQty>גרמים</UnitQty>
      <Quantity>750.00</Quantity>
      <bIsWeighted>0</bIsWeighted>
      <UnitOfMeasure>100 גרם</UnitOfMeasure>
      <QtyInPackage>0</QtyInPackage>
      <ItemPrice>13.50</ItemPrice>
      <UnitOfMeasurePrice>1.80</UnitOfMeasurePrice>
      <AllowDiscount>1</AllowDiscount>
      <ItemStatus>1</ItemStatus>
    </Item>
    <Item>
      <PriceUpdateDate>2018-02-21 10:09</PriceUpdateDate>
      <ItemCode>7290008745239</ItemCode>
      <ItemType>1</ItemType>
      <ItemName>תפוצ'יפס קראנצ' טעם טבעי</ItemName>
      <ManufacturerName>שטראוס פריטו ליי בע"\מ )</ManufacturerName>
      <ManufactureCountry>IL</ManufactureCountry>
      <ManufacturerItemDescription>תפוצ'יפס קראנצ'</ManufacturerItemDescription>
      <UnitQty>גרמים</UnitQty>
      <Quantity>50.00</Quantity>
      <bIsWeighted>0</bIsWeighted>
      <UnitOfMeasure>100 גרם</UnitOfMeasure>
      <QtyInPackage>0</QtyInPackage>
      <ItemPrice>4.30</ItemPrice>
      <UnitOfMeasurePrice>8.60</UnitOfMeasurePrice>
      <AllowDiscount>1</AllowDiscount>
      <ItemStatus>1</ItemStatus>
    </Item>
    <Item>
      <PriceUpdateDate>2015-08-10 19:12</PriceUpdateDate>
      <ItemCode>7290008747424</ItemCode>
      <ItemType>1</ItemType>
      <ItemName>שוקולד במילוי תות 100גרם</ItemName>
      <ManufacturerName>עלית</ManufacturerName>
      <ManufactureCountry>IL</ManufactureCountry>
      <ManufacturerItemDescription>שוקולד במלוי תות</ManufacturerItemDescription>
      <UnitQty>גרמים</UnitQty>
      <Quantity>100.00</Quantity>
      <bIsWeighted>0</bIsWeighted>
      <UnitOfMeasure>100 גרם</UnitOfMeasure>
      <QtyInPackage>0</QtyInPackage>
      <ItemPrice>6.60</ItemPrice>
      <UnitOfMeasurePrice>6.60</UnitOfMeasurePrice>
      <AllowDiscount>1</AllowDiscount>
      <ItemStatus>1</ItemStatus>
    </Item>
    <Item>
      <PriceUpdateDate>2015-03-15 16:32</PriceUpdateDate>
      <ItemCode>7290008747431</ItemCode>
      <ItemType>1</ItemType>
      <ItemName>שוקולד פרה במילוי תות50ג</ItemName>
      <ManufacturerName>עלית</ManufacturerName>
      <ManufactureCountry>IL</ManufactureCountry>
      <ManufacturerItemDescription>שוקולד פרה תות</ManufacturerItemDescription>
      <UnitQty>גרמים</UnitQty>
      <Quantity>50.00</Quantity>
      <bIsWeighted>0</bIsWeighted>
      <UnitOfMeasure>100 גרם</UnitOfMeasure>
      <QtyInPackage>0</QtyInPackage>
      <ItemPrice>4.50</ItemPrice>
      <UnitOfMeasurePrice>9.00</UnitOfMeasurePrice>
      <AllowDiscount>1</AllowDiscount>
      <ItemStatus>1</ItemStatus>
    </Item>
    <Item>
      <PriceUpdateDate>2018-03-06 07:23</PriceUpdateDate>
      <ItemCode>7290008748384</ItemCode>
      <ItemType>1</ItemType>
      <ItemName>שוקולד ספלנדיד מריר100גר</ItemName>
      <ManufacturerName>עלית</ManufacturerName>
      <ManufactureCountry>IL</ManufactureCountry>
      <ManufacturerItemDescription>שוקולד ספלנדיד</ManufacturerItemDescription>
      <UnitQty>גרמים</UnitQty>
      <Quantity>100.00</Quantity>
      <bIsWeighted>0</bIsWeighted>
      <UnitOfMeasure>100 גרם</UnitOfMeasure>
      <QtyInPackage>0</QtyInPackage>
      <ItemPrice>12.50</ItemPrice>
      <UnitOfMeasurePrice>12.50</UnitOfMeasurePrice>
      <AllowDiscount>1</AllowDiscount>
      <ItemStatus>1</ItemStatus>
    </Item>
    <Item>
      <PriceUpdateDate>2014-07-21 07:21</PriceUpdateDate>
      <ItemCode>7290008750264</ItemCode>
      <ItemType>1</ItemType>
      <ItemName>מסטיק דובדבן מגדים 28גרם</ItemName>
      <ManufacturerName>עלית</ManufacturerName>
      <ManufactureCountry>IL</ManufactureCountry>
      <ManufacturerItemDescription>מסטיק מאסט</ManufacturerItemDescription>
      <UnitQty>גרמים</UnitQty>
      <Quantity>28.00</Quantity>
      <bIsWeighted>0</bIsWeighted>
      <UnitOfMeasure>100 גרם</UnitOfMeasure>
      <QtyInPackage>0</QtyInPackage>
      <ItemPrice>4.60</ItemPrice>
      <UnitOfMeasurePrice>16.43</UnitOfMeasurePrice>
      <AllowDiscount>1</AllowDiscount>
      <ItemStatus>1</ItemStatus>
    </Item>
    <Item>
      <PriceUpdateDate>2018-02-21 10:09</PriceUpdateDate>
      <ItemCode>7290008752244</ItemCode>
      <ItemType>1</ItemType>
      <ItemName>תפוצ'יפס קראנצ' גריל 50ג</ItemName>
      <ManufacturerName>שטראוס פריטו ליי בע"\מ )</ManufacturerName>
      <ManufactureCountry>IL</ManufactureCountry>
      <ManufacturerItemDescription>תפוצ'יפס גריל</ManufacturerItemDescription>
      <UnitQty>גרמים</UnitQty>
      <Quantity>50.00</Quantity>
      <bIsWeighted>0</bIsWeighted>
      <UnitOfMeasure>100 גרם</UnitOfMeasure>
      <QtyInPackage>0</QtyInPackage>
      <ItemPrice>4.30</ItemPrice>
      <UnitOfMeasurePrice>8.60</UnitOfMeasurePrice>
      <AllowDiscount>1</AllowDiscount>
      <ItemStatus>1</ItemStatus>
    </Item>
    <Item>
      <PriceUpdateDate>2018-02-21 10:09</PriceUpdateDate>
      <ItemCode>7290008753111</ItemCode>
      <ItemType>1</ItemType>
      <ItemName>תפוצ'יפס מקסיקני 50 גרם</ItemName>
      <ManufacturerName>שטראוס פריטו ליי בע"\מ )</ManufacturerName>
      <ManufactureCountry>IL</ManufactureCountry>
      <ManufacturerItemDescription>תפוצ'יפס קראנצ'</ManufacturerItemDescription>
      <UnitQty>גרמים</UnitQty>
      <Quantity>50.00</Quantity>
      <bIsWeighted>0</bIsWeighted>
      <UnitOfMeasure>100 גרם</UnitOfMeasure>
      <QtyInPackage>0</QtyInPackage>
      <ItemPrice>4.30</ItemPrice>
      <UnitOfMeasurePrice>8.60</UnitOfMeasurePrice>
      <AllowDiscount>1</AllowDiscount>
      <ItemStatus>1</ItemStatus>
    </Item>
    <Item>
      <PriceUpdateDate>2015-08-10 19:12</PriceUpdateDate>
      <ItemCode>7290008753982</ItemCode>
      <ItemType>1</ItemType>
      <ItemName>שוקולד חלב אוורירי 85גרם</ItemName>
      <ManufacturerName>עלית</ManufacturerName>
      <ManufactureCountry>IL</ManufactureCountry>
      <ManufacturerItemDescription>שוקולד אוורירי</ManufacturerItemDescription>
      <UnitQty>גרמים</UnitQty>
      <Quantity>85.00</Quantity>
      <bIsWeighted>0</bIsWeighted>
      <UnitOfMeasure>100 גרם</UnitOfMeasure>
      <QtyInPackage>0</QtyInPackage>
      <ItemPrice>6.60</ItemPrice>
      <UnitOfMeasurePrice>7.76</UnitOfMeasurePrice>
      <AllowDiscount>1</AllowDiscount>
      <ItemStatus>1</ItemStatus>
    </Item>
    <Item>
      <PriceUpdateDate>2014-07-21 07:21</PriceUpdateDate>
      <ItemCode>7290008754415</ItemCode>
      <ItemType>1</ItemType>
      <ItemName>מאסט LL עדין ספירמינט28ג</ItemName>
      <ManufacturerName>עלית</ManufacturerName>
      <ManufactureCountry>IL</ManufactureCountry>
      <ManufacturerItemDescription>מסטיק מאסט LL</ManufacturerItemDescription>
      <UnitQty>גרמים</UnitQty>
      <Quantity>28.00</Quantity>
      <bIsWeighted>0</bIsWeighted>
      <UnitOfMeasure>100 גרם</UnitOfMeasure>
      <QtyInPackage>0</QtyInPackage>
      <ItemPrice>4.60</ItemPrice>
      <UnitOfMeasurePrice>16.43</UnitOfMeasurePrice>
      <AllowDiscount>1</AllowDiscount>
      <ItemStatus>1</ItemStatus>
    </Item>
    <Item>
      <PriceUpdateDate>2014-07-21 07:21</PriceUpdateDate>
      <ItemCode>7290008754422</ItemCode>
      <ItemType>1</ItemType>
      <ItemName>LL MUST קלאסי פפרמינט28ג</ItemName>
      <ManufacturerName>עלית</ManufacturerName>
      <ManufactureCountry>IL</ManufactureCountry>
      <ManufacturerItemDescription>מסטיק LL MUST</ManufacturerItemDescription>
      <UnitQty>גרמים</UnitQty>
      <Quantity>28.00</Quantity>
      <bIsWeighted>0</bIsWeighted>
      <UnitOfMeasure>100 גרם</UnitOfMeasure>
      <QtyInPackage>0</QtyInPackage>
      <ItemPrice>4.60</ItemPrice>
      <UnitOfMeasurePrice>16.43</UnitOfMeasurePrice>
      <AllowDiscount>1</AllowDiscount>
      <ItemStatus>1</ItemStatus>
    </Item>
    <Item>
      <PriceUpdateDate>2015-09-30 08:09</PriceUpdateDate>
      <ItemCode>7290008754613</ItemCode>
      <ItemType>1</ItemType>
      <ItemName>רולדת שוקולד מצופה 350גר</ItemName>
      <ManufacturerName>עלית</ManufacturerName>
      <ManufactureCountry>IL</ManufactureCountry>
      <ManufacturerItemDescription>רולדת שוקולד</ManufacturerItemDescription>
      <UnitQty>גרמים</UnitQty>
      <Quantity>350.00</Quantity>
      <bIsWeighted>0</bIsWeighted>
      <UnitOfMeasure>100 גרם</UnitOfMeasure>
      <QtyInPackage>0</QtyInPackage>
      <ItemPrice>15.70</ItemPrice>
      <UnitOfMeasurePrice>4.49</UnitOfMeasurePrice>
      <AllowDiscount>1</AllowDiscount>
      <ItemStatus>1</ItemStatus>
    </Item>
    <Item>
      <PriceUpdateDate>2020-03-17 13:20</PriceUpdateDate>
      <ItemCode>7290008757034</ItemCode>
      <ItemType>1</ItemType>
      <ItemName>שוופס סודה חד פעמי250מ"ל</ItemName>
      <ManufacturerName>יפאורה תבורי בעמ</ManufacturerName>
      <ManufactureCountry>IL</ManufactureCountry>
      <ManufacturerItemDescription>מי סודה</ManufacturerItemDescription>
      <UnitQty>מיליליטרים</UnitQty>
      <Quantity>250.00</Quantity>
      <bIsWeighted>0</bIsWeighted>
      <UnitOfMeasure>100 מ"ל</UnitOfMeasure>
      <QtyInPackage>0</QtyInPackage>
      <ItemPrice>4.30</ItemPrice>
      <UnitOfMeasurePrice>1.72</UnitOfMeasurePrice>
      <AllowDiscount>1</AllowDiscount>
      <ItemStatus>1</ItemStatus>
    </Item>
    <Item>
      <PriceUpdateDate>2018-12-16 12:57</PriceUpdateDate>
      <ItemCode>7290008757980</ItemCode>
      <ItemType>1</ItemType>
      <ItemName>נקטר ספרינג רימונים 1 ל'</ItemName>
      <ManufacturerName>יפאורה תבורי בע"\מ</ManufacturerName>
      <ManufactureCountry>IL</ManufactureCountry>
      <ManufacturerItemDescription>נקטר רימונים</ManufacturerItemDescription>
      <UnitQty>ליטרים</UnitQty>
      <Quantity>1.00</Quantity>
      <bIsWeighted>0</bIsWeighted>
      <UnitOfMeasure>ליטר</UnitOfMeasure>
      <QtyInPackage>0</QtyInPackage>
      <ItemPrice>6.20</ItemPrice>
      <UnitOfMeasurePrice>6.20</UnitOfMeasurePrice>
      <AllowDiscount>1</AllowDiscount>
      <ItemStatus>1</ItemStatus>
    </Item>
    <Item>
      <PriceUpdateDate>2016-01-05 06:48</PriceUpdateDate>
      <ItemCode>7290008775816</ItemCode>
      <ItemType>1</ItemType>
      <ItemName>ערגליות שוקו 300 גרם</ItemName>
      <ManufacturerName>אסם השקעות בע"\מ</ManufacturerName>
      <ManufactureCountry>IL</ManufactureCountry>
      <ManufacturerItemDescription>ערגליות שוקו</ManufacturerItemDescription>
      <UnitQty>גרמים</UnitQty>
      <Quantity>300.00</Quantity>
      <bIsWeighted>0</bIsWeighted>
      <UnitOfMeasure>100 גרם</UnitOfMeasure>
      <QtyInPackage>0</QtyInPackage>
      <ItemPrice>11.50</ItemPrice>
      <UnitOfMeasurePrice>3.83</UnitOfMeasurePrice>
      <AllowDiscount>1</AllowDiscount>
      <ItemStatus>1</ItemStatus>
    </Item>
    <Item>
      <PriceUpdateDate>2016-01-05 06:48</PriceUpdateDate>
      <ItemCode>7290008775823</ItemCode>
      <ItemType>1</ItemType>
      <ItemName>ערגליות תות 300 גרם</ItemName>
      <ManufacturerName>אסם השקעות בע"\מ</ManufacturerName>
      <ManufactureCountry>IL</ManufactureCountry>
      <ManufacturerItemDescription>ערגליות תות</ManufacturerItemDescription>
      <UnitQty>גרמים</UnitQty>
      <Quantity>300.00</Quantity>
      <bIsWeighted>0</bIsWeighted>
      <UnitOfMeasure>100 גרם</UnitOfMeasure>
      <QtyInPackage>0</QtyInPackage>
      <ItemPrice>11.50</ItemPrice>
      <UnitOfMeasurePrice>3.83</UnitOfMeasurePrice>
      <AllowDiscount>1</AllowDiscount>
      <ItemStatus>1</ItemStatus>
    </Item>
    <Item>
      <PriceUpdateDate>2016-11-01 07:19</PriceUpdateDate>
      <ItemCode>7290008775892</ItemCode>
      <ItemType>1</ItemType>
      <ItemName>פרפקטו לינגוויני500ג</ItemName>
      <ManufacturerName>פסטה זארה</ManufacturerName>
      <ManufactureCountry>IL</ManufactureCountry>
      <ManufacturerItemDescription>ספגטי לינגויני</ManufacturerItemDescription>
      <UnitQty>גרמים</UnitQty>
      <Quantity>500.00</Quantity>
      <bIsWeighted>0</bIsWeighted>
      <UnitOfMeasure>100 גרם</UnitOfMeasure>
      <QtyInPackage>0</QtyInPackage>
      <ItemPrice>7.60</ItemPrice>
      <UnitOfMeasurePrice>1.52</UnitOfMeasurePrice>
      <AllowDiscount>1</AllowDiscount>
      <ItemStatus>1</ItemStatus>
    </Item>
    <Item>
      <PriceUpdateDate>2020-10-10 18:30</PriceUpdateDate>
      <ItemCode>7290008801010</ItemCode>
      <ItemType>1</ItemType>
      <ItemName>קברנה מרלו P.C</ItemName>
      <ManufacturerName />
      <ManufactureCountry>IL</ManufactureCountry>
      <ManufacturerItemDescription>קברנה מרלו P.C</ManufacturerItemDescription>
      <UnitQty>מיליליטרים</UnitQty>
      <Quantity>750.00</Quantity>
      <bIsWeighted>0</bIsWeighted>
      <UnitOfMeasure>100 מ"ל</UnitOfMeasure>
      <QtyInPackage>0</QtyInPackage>
      <ItemPrice>39.90</ItemPrice>
      <UnitOfMeasurePrice>5.32</UnitOfMeasurePrice>
      <AllowDiscount>1</AllowDiscount>
      <ItemStatus>1</ItemStatus>
    </Item>
    <Item>
      <PriceUpdateDate>2020-10-10 18:30</PriceUpdateDate>
      <ItemCode>7290008801157</ItemCode>
      <ItemType>1</ItemType>
      <ItemName>מרלו סלקטד</ItemName>
      <ManufacturerName />
      <ManufactureCountry>IL</ManufactureCountry>
      <ManufacturerItemDescription>מרלו סלקטד</ManufacturerItemDescription>
      <UnitQty>מיליליטרים</UnitQty>
      <Quantity>750.00</Quantity>
      <bIsWeighted>0</bIsWeighted>
      <UnitOfMeasure>100 מ"ל</UnitOfMeasure>
      <QtyInPackage>0</QtyInPackage>
      <ItemPrice>26.90</ItemPrice>
      <UnitOfMeasurePrice>3.59</UnitOfMeasurePrice>
      <AllowDiscount>1</AllowDiscount>
      <ItemStatus>1</ItemStatus>
    </Item>
    <Item>
      <PriceUpdateDate>2020-10-10 18:30</PriceUpdateDate>
      <ItemCode>7290008801843</ItemCode>
      <ItemType>1</ItemType>
      <ItemName>קברנה סוביניון</ItemName>
      <ManufacturerName />
      <ManufactureCountry>IL</ManufactureCountry>
      <ManufacturerItemDescription>קברנה סוביניון</ManufacturerItemDescription>
      <UnitQty>מיליליטרים</UnitQty>
      <Quantity>750.00</Quantity>
      <bIsWeighted>0</bIsWeighted>
      <UnitOfMeasure>100 מ"ל</UnitOfMeasure>
      <QtyInPackage>0</QtyInPackage>
      <ItemPrice>26.90</ItemPrice>
      <UnitOfMeasurePrice>3.59</UnitOfMeasurePrice>
      <AllowDiscount>1</AllowDiscount>
      <ItemStatus>1</ItemStatus>
    </Item>
    <Item>
      <PriceUpdateDate>2020-04-21 11:54</PriceUpdateDate>
      <ItemCode>7290008806305</ItemCode>
      <ItemType>1</ItemType>
      <ItemName>שלגון פצפצים</ItemName>
      <ManufacturerName>שטראוס</ManufacturerName>
      <ManufactureCountry>IL</ManufactureCountry>
      <ManufacturerItemDescription>שלגון פצפצים</ManufacturerItemDescription>
      <UnitQty>יחידה</UnitQty>
      <Quantity>1.00</Quantity>
      <bIsWeighted>0</bIsWeighted>
      <UnitOfMeasure>יחידה</UnitOfMeasure>
      <QtyInPackage>0</QtyInPackage>
      <ItemPrice>6.50</ItemPrice>
      <UnitOfMeasurePrice>6.50</UnitOfMeasurePrice>
      <AllowDiscount>1</AllowDiscount>
      <ItemStatus>1</ItemStatus>
    </Item>
    <Item>
      <PriceUpdateDate>2017-02-06 13:17</PriceUpdateDate>
      <ItemCode>7290008806961</ItemCode>
      <ItemType>1</ItemType>
      <ItemName>קרמיסימו שוקולד צ'יפ</ItemName>
      <ManufacturerName>גלידת שטראוס בע"\מ</ManufacturerName>
      <ManufactureCountry>IL</ManufactureCountry>
      <ManufacturerItemDescription>קרמיסימו שוקולד</ManufacturerItemDescription>
      <UnitQty>ליטרים</UnitQty>
      <Quantity>1.33</Quantity>
      <bIsWeighted>0</bIsWeighted>
      <UnitOfMeasure>ליטר</UnitOfMeasure>
      <QtyInPackage>0</QtyInPackage>
      <ItemPrice>21.90</ItemPrice>
      <UnitOfMeasurePrice>16.47</UnitOfMeasurePrice>
      <AllowDiscount>1</AllowDiscount>
      <ItemStatus>1</ItemStatus>
    </Item>
    <Item>
      <PriceUpdateDate>2015-09-30 08:04</PriceUpdateDate>
      <ItemCode>7290008846219</ItemCode>
      <ItemType>1</ItemType>
      <ItemName>שמן זית כתית מעולה 750מל</ItemName>
      <ManufacturerName>חלוצה</ManufacturerName>
      <ManufactureCountry>IL</ManufactureCountry>
      <ManufacturerItemDescription>שמן זית כתית</ManufacturerItemDescription>
      <UnitQty>מיליליטרים</UnitQty>
      <Quantity>750.00</Quantity>
      <bIsWeighted>0</bIsWeighted>
      <UnitOfMeasure>100 מ"ל</UnitOfMeasure>
      <QtyInPackage>0</QtyInPackage>
      <ItemPrice>41.50</ItemPrice>
      <UnitOfMeasurePrice>5.53</UnitOfMeasurePrice>
      <AllowDiscount>1</AllowDiscount>
      <ItemStatus>1</ItemStatus>
    </Item>
    <Item>
      <PriceUpdateDate>2017-03-14 06:47</PriceUpdateDate>
      <ItemCode>7290008909723</ItemCode>
      <ItemType>1</ItemType>
      <ItemName>טובורג רד שישייה330*6מל</ItemName>
      <ManufacturerName>מבשלות בירה בינלאומיות ב</ManufacturerName>
      <ManufactureCountry>IL</ManufactureCountry>
      <ManufacturerItemDescription>טובורג רד 6 יח</ManufacturerItemDescription>
      <UnitQty>ליטרים</UnitQty>
      <Quantity>1.98</Quantity>
      <bIsWeighted>0</bIsWeighted>
      <UnitOfMeasure>ליטר</UnitOfMeasure>
      <QtyInPackage>1</QtyInPackage>
      <ItemPrice>37.90</ItemPrice>
      <UnitOfMeasurePrice>19.14</UnitOfMeasurePrice>
      <AllowDiscount>1</AllowDiscount>
      <ItemStatus>1</ItemStatus>
    </Item>
    <Item>
      <PriceUpdateDate>2016-02-02 06:49</PriceUpdateDate>
      <ItemCode>7290008909853</ItemCode>
      <ItemType>1</ItemType>
      <ItemName>קוקה קולה ZERO 500 מ"ל</ItemName>
      <ManufacturerName>החברה המרכזית לייצור משק</ManufacturerName>
      <ManufactureCountry>IL</ManufactureCountry>
      <ManufacturerItemDescription>קוקה קולה ZERO</ManufacturerItemDescription>
      <UnitQty>מיליליטרים</UnitQty>
      <Quantity>500.00</Quantity>
      <bIsWeighted>0</bIsWeighted>
      <UnitOfMeasure>100 מ"ל</UnitOfMeasure>
      <QtyInPackage>0</QtyInPackage>
      <ItemPrice>7.90</ItemPrice>
      <UnitOfMeasurePrice>1.58</UnitOfMeasurePrice>
      <AllowDiscount>1</AllowDiscount>
      <ItemStatus>1</ItemStatus>
    </Item>
    <Item>
      <PriceUpdateDate>2018-11-29 10:11</PriceUpdateDate>
      <ItemCode>7290008909860</ItemCode>
      <ItemType>1</ItemType>
      <ItemName>קוקה קולה זירו 1.5 ליטר</ItemName>
      <ManufacturerName>החברה המרכזית לייצור משק</ManufacturerName>
      <ManufactureCountry>IL</ManufactureCountry>
      <ManufacturerItemDescription>קוקה קולה זירו</ManufacturerItemDescription>
      <UnitQty>ליטרים</UnitQty>
      <Quantity>1.50</Quantity>
      <bIsWeighted>0</bIsWeighted>
      <UnitOfMeasure>ליטר</UnitOfMeasure>
      <QtyInPackage>0</QtyInPackage>
      <ItemPrice>7.90</ItemPrice>
      <UnitOfMeasurePrice>5.27</UnitOfMeasurePrice>
      <AllowDiscount>1</AllowDiscount>
      <ItemStatus>1</ItemStatus>
    </Item>
    <Item>
      <PriceUpdateDate>2017-02-07 07:16</PriceUpdateDate>
      <ItemCode>7290008909877</ItemCode>
      <ItemType>1</ItemType>
      <ItemName>קוקה קולה זירו 1.5*6 ל'</ItemName>
      <ManufacturerName>החברה המרכזית לייצור משק</ManufacturerName>
      <ManufactureCountry>IL</ManufactureCountry>
      <ManufacturerItemDescription>קולה זירו 1.5*6ל</ManufacturerItemDescription>
      <UnitQty>ליטרים</UnitQty>
      <Quantity>9.00</Quantity>
      <bIsWeighted>0</bIsWeighted>
      <UnitOfMeasure>ליטר</UnitOfMeasure>
      <QtyInPackage>0</QtyInPackage>
      <ItemPrice>39.90</ItemPrice>
      <UnitOfMeasurePrice>4.43</UnitOfMeasurePrice>
      <AllowDiscount>1</AllowDiscount>
      <ItemStatus>1</ItemStatus>
    </Item>
    <Item>
      <PriceUpdateDate>2016-05-09 08:03</PriceUpdateDate>
      <ItemCode>7290009165142</ItemCode>
      <ItemType>0</ItemType>
      <ItemName>שיפודי פרגיות קפוא 450גר</ItemName>
      <ManufacturerName>כללי</ManufacturerName>
      <ManufactureCountry>IL</ManufactureCountry>
      <ManufacturerItemDescription>שיפודי פרגיות</ManufacturerItemDescription>
      <UnitQty>גרמים</UnitQty>
      <Quantity>450.00</Quantity>
      <bIsWeighted>0</bIsWeighted>
      <UnitOfMeasure>100 גרם</UnitOfMeasure>
      <QtyInPackage>1</QtyInPackage>
      <ItemPrice>44.90</ItemPrice>
      <UnitOfMeasurePrice>9.98</UnitOfMeasurePrice>
      <AllowDiscount>1</AllowDiscount>
      <ItemStatus>1</ItemStatus>
    </Item>
    <Item>
      <PriceUpdateDate>2020-06-01 00:57</PriceUpdateDate>
      <ItemCode>7290009391619</ItemCode>
      <ItemType>0</ItemType>
      <ItemName>כרעיים עוף טרי פרמיום קג</ItemName>
      <ManufacturerName>מילועוף</ManufacturerName>
      <ManufactureCountry>IL</ManufactureCountry>
      <ManufacturerItemDescription>כרעיים עוף טרי</ManufacturerItemDescription>
      <UnitQty>קילוגרמים</UnitQty>
      <Quantity>0.00</Quantity>
      <bIsWeighted>1</bIsWeighted>
      <UnitOfMeasure>ק"ג</UnitOfMeasure>
      <QtyInPackage>1</QtyInPackage>
      <ItemPrice>34.90</ItemPrice>
      <UnitOfMeasurePrice>34.90</UnitOfMeasurePrice>
      <AllowDiscount>1</AllowDiscount>
      <ItemStatus>1</ItemStatus>
    </Item>
    <Item>
      <PriceUpdateDate>2020-06-01 00:57</PriceUpdateDate>
      <ItemCode>7290009391626</ItemCode>
      <ItemType>0</ItemType>
      <ItemName>שוקיים עוף טרי פרמיום קג</ItemName>
      <ManufacturerName>מילועוף</ManufacturerName>
      <ManufactureCountry>IL</ManufactureCountry>
      <ManufacturerItemDescription>שוקיים פרמיום</ManufacturerItemDescription>
      <UnitQty>קילוגרמים</UnitQty>
      <Quantity>0.00</Quantity>
      <bIsWeighted>1</bIsWeighted>
      <UnitOfMeasure>ק"ג</UnitOfMeasure>
      <QtyInPackage>1</QtyInPackage>
      <ItemPrice>37.90</ItemPrice>
      <UnitOfMeasurePrice>37.90</UnitOfMeasurePrice>
      <AllowDiscount>1</AllowDiscount>
      <ItemStatus>1</ItemStatus>
    </Item>
    <Item>
      <PriceUpdateDate>2020-06-01 00:57</PriceUpdateDate>
      <ItemCode>7290009391657</ItemCode>
      <ItemType>0</ItemType>
      <ItemName>שניצל עוף דק פרימיום שופ</ItemName>
      <ManufacturerName>מילועוף</ManufacturerName>
      <ManufactureCountry>IL</ManufactureCountry>
      <ManufacturerItemDescription>שניצל דק פרמיום</ManufacturerItemDescription>
      <UnitQty>קילוגרמים</UnitQty>
      <Quantity>0.00</Quantity>
      <bIsWeighted>1</bIsWeighted>
      <UnitOfMeasure>ק"ג</UnitOfMeasure>
      <QtyInPackage>1</QtyInPackage>
      <ItemPrice>44.90</ItemPrice>
      <UnitOfMeasurePrice>44.90</UnitOfMeasurePrice>
      <AllowDiscount>1</AllowDiscount>
      <ItemStatus>1</ItemStatus>
    </Item>
    <Item>
      <PriceUpdateDate>2020-06-08 08:30</PriceUpdateDate>
      <ItemCode>7290009398618</ItemCode>
      <ItemType>0</ItemType>
      <ItemName>סופגניה עם ריבה</ItemName>
      <ManufacturerName>גידרון</ManufacturerName>
      <ManufactureCountry>IL</ManufactureCountry>
      <ManufacturerItemDescription>סופגניה עם ריבה</ManufacturerItemDescription>
      <UnitQty>גרמים</UnitQty>
      <Quantity>80.00</Quantity>
      <bIsWeighted>0</bIsWeighted>
      <UnitOfMeasure>100 גרם</UnitOfMeasure>
      <QtyInPackage>0</QtyInPackage>
      <ItemPrice>4.00</ItemPrice>
      <UnitOfMeasurePrice>5.00</UnitOfMeasurePrice>
      <AllowDiscount>1</AllowDiscount>
      <ItemStatus>1</ItemStatus>
    </Item>
    <Item>
      <PriceUpdateDate>2018-01-16 08:32</PriceUpdateDate>
      <ItemCode>7290009398748</ItemCode>
      <ItemType>0</ItemType>
      <ItemName>פס גבינה מעודן+אוכמנ650ג</ItemName>
      <ManufacturerName>גידרון</ManufacturerName>
      <ManufactureCountry>IL</ManufactureCountry>
      <ManufacturerItemDescription>פס גבינה+אוכמנ</ManufacturerItemDescription>
      <UnitQty>גרמים</UnitQty>
      <Quantity>650.00</Quantity>
      <bIsWeighted>0</bIsWeighted>
      <UnitOfMeasure>100 גרם</UnitOfMeasure>
      <QtyInPackage>0</QtyInPackage>
      <ItemPrice>44.90</ItemPrice>
      <UnitOfMeasurePrice>6.91</UnitOfMeasurePrice>
      <AllowDiscount>1</AllowDiscount>
      <ItemStatus>1</ItemStatus>
    </Item>
    <Item>
      <PriceUpdateDate>2020-07-29 08:36</PriceUpdateDate>
      <ItemCode>7290009398786</ItemCode>
      <ItemType>0</ItemType>
      <ItemName>פיתות אסליות 100*5 גרם</ItemName>
      <ManufacturerName>---</ManufacturerName>
      <ManufactureCountry>IL</ManufactureCountry>
      <ManufacturerItemDescription>פיתות אסליות 5יח</ManufacturerItemDescription>
      <UnitQty>גרמים</UnitQty>
      <Quantity>500.00</Quantity>
      <bIsWeighted>0</bIsWeighted>
      <UnitOfMeasure>100 גרם</UnitOfMeasure>
      <QtyInPackage>0</QtyInPackage>
      <ItemPrice>7.90</ItemPrice>
      <UnitOfMeasurePrice>1.58</UnitOfMeasurePrice>
      <AllowDiscount>1</AllowDiscount>
      <ItemStatus>1</ItemStatus>
    </Item>
    <Item>
      <PriceUpdateDate>2020-04-22 11:50</PriceUpdateDate>
      <ItemCode>7290009950106</ItemCode>
      <ItemType>0</ItemType>
      <ItemName>משקה אנרגיה</ItemName>
      <ManufacturerName />
      <ManufactureCountry />
      <ManufacturerItemDescription>משקה אנרגיה</ManufacturerItemDescription>
      <UnitQty>מיליליטרים</UnitQty>
      <Quantity>250.00</Quantity>
      <bIsWeighted>0</bIsWeighted>
      <UnitOfMeasure>100 מ"ל</UnitOfMeasure>
      <QtyInPackage>0</QtyInPackage>
      <ItemPrice>5.50</ItemPrice>
      <UnitOfMeasurePrice>2.20</UnitOfMeasurePrice>
      <AllowDiscount>1</AllowDiscount>
      <ItemStatus>1</ItemStatus>
    </Item>
    <Item>
      <PriceUpdateDate>2019-11-05 10:08</PriceUpdateDate>
      <ItemCode>7290009950137</ItemCode>
      <ItemType>0</ItemType>
      <ItemName>בירה גולדסטאר</ItemName>
      <ManufacturerName />
      <ManufactureCountry />
      <ManufacturerItemDescription>בירה גולדסטאר</ManufacturerItemDescription>
      <UnitQty>מיליליטרים</UnitQty>
      <Quantity>330.00</Quantity>
      <bIsWeighted>0</bIsWeighted>
      <UnitOfMeasure>100 מ"ל</UnitOfMeasure>
      <QtyInPackage>0</QtyInPackage>
      <ItemPrice>10.80</ItemPrice>
      <UnitOfMeasurePrice>3.27</UnitOfMeasurePrice>
      <AllowDiscount>1</AllowDiscount>
      <ItemStatus>1</ItemStatus>
    </Item>
    <Item>
      <PriceUpdateDate>2019-11-05 10:08</PriceUpdateDate>
      <ItemCode>7290009950151</ItemCode>
      <ItemType>0</ItemType>
      <ItemName>בירה מצוננת</ItemName>
      <ManufacturerName />
      <ManufactureCountry />
      <ManufacturerItemDescription>בירה מצוננת</ManufacturerItemDescription>
      <UnitQty>מיליליטרים</UnitQty>
      <Quantity>500.00</Quantity>
      <bIsWeighted>0</bIsWeighted>
      <UnitOfMeasure>100 מ"ל</UnitOfMeasure>
      <QtyInPackage>0</QtyInPackage>
      <ItemPrice>11.00</ItemPrice>
      <UnitOfMeasurePrice>2.20</UnitOfMeasurePrice>
      <AllowDiscount>1</AllowDiscount>
      <ItemStatus>1</ItemStatus>
    </Item>
    <Item>
      <PriceUpdateDate>2020-06-08 08:30</PriceUpdateDate>
      <ItemCode>7290009950717</ItemCode>
      <ItemType>0</ItemType>
      <ItemName>סופגניה מצופה</ItemName>
      <ManufacturerName>גידרון</ManufacturerName>
      <ManufactureCountry>IL</ManufactureCountry>
      <ManufacturerItemDescription>סופגניה מצופה</ManufacturerItemDescription>
      <UnitQty>יחידה</UnitQty>
      <Quantity>1.00</Quantity>
      <bIsWeighted>0</bIsWeighted>
      <UnitOfMeasure>יחידה</UnitOfMeasure>
      <QtyInPackage>0</QtyInPackage>
      <ItemPrice>5.00</ItemPrice>
      <UnitOfMeasurePrice>5.00</UnitOfMeasurePrice>
      <AllowDiscount>1</AllowDiscount>
      <ItemStatus>1</ItemStatus>
    </Item>
    <Item>
      <PriceUpdateDate>2020-06-08 08:30</PriceUpdateDate>
      <ItemCode>7290009950724</ItemCode>
      <ItemType>0</ItemType>
      <ItemName>מיני סופגניה מצופה</ItemName>
      <ManufacturerName>גידרון</ManufacturerName>
      <ManufactureCountry>IL</ManufactureCountry>
      <ManufacturerItemDescription>סופגנ.מיני מצופה</ManufacturerItemDescription>
      <UnitQty>יחידה</UnitQty>
      <Quantity>1.00</Quantity>
      <bIsWeighted>0</bIsWeighted>
      <UnitOfMeasure>יחידה</UnitOfMeasure>
      <QtyInPackage>0</QtyInPackage>
      <ItemPrice>4.00</ItemPrice>
      <UnitOfMeasurePrice>4.00</UnitOfMeasurePrice>
      <AllowDiscount>1</AllowDiscount>
      <ItemStatus>1</ItemStatus>
    </Item>
    <Item>
      <PriceUpdateDate>2016-09-16 08:15</PriceUpdateDate>
      <ItemCode>7290009951899</ItemCode>
      <ItemType>0</ItemType>
      <ItemName>מאפה מלוח משקל</ItemName>
      <ManufacturerName>גידרון</ManufacturerName>
      <ManufactureCountry>IL</ManufactureCountry>
      <ManufacturerItemDescription>מאפה מלוח חלבי</ManufacturerItemDescription>
      <UnitQty>קילוגרמים</UnitQty>
      <Quantity>0.00</Quantity>
      <bIsWeighted>1</bIsWeighted>
      <UnitOfMeasure>ק"ג</UnitOfMeasure>
      <QtyInPackage>0</QtyInPackage>
      <ItemPrice>39.00</ItemPrice>
      <UnitOfMeasurePrice>39.00</UnitOfMeasurePrice>
      <AllowDiscount>1</AllowDiscount>
      <ItemStatus>1</ItemStatus>
    </Item>
    <Item>
      <PriceUpdateDate>2016-09-16 08:15</PriceUpdateDate>
      <ItemCode>7290009951912</ItemCode>
      <ItemType>0</ItemType>
      <ItemName>מאפה מתוק משקל</ItemName>
      <ManufacturerName>גידרון</ManufacturerName>
      <ManufactureCountry>IL</ManufactureCountry>
      <ManufacturerItemDescription>מאפה מתוק</ManufacturerItemDescription>
      <UnitQty>קילוגרמים</UnitQty>
      <Quantity>0.00</Quantity>
      <bIsWeighted>1</bIsWeighted>
      <UnitOfMeasure>ק"ג</UnitOfMeasure>
      <QtyInPackage>0</QtyInPackage>
      <ItemPrice>39.00</ItemPrice>
      <UnitOfMeasurePrice>39.00</UnitOfMeasurePrice>
      <AllowDiscount>1</AllowDiscount>
      <ItemStatus>1</ItemStatus>
    </Item>
    <Item>
      <PriceUpdateDate>2019-10-23 07:14</PriceUpdateDate>
      <ItemCode>7290009952698</ItemCode>
      <ItemType>0</ItemType>
      <ItemName>משקה מצונן 250 מ"ל</ItemName>
      <ManufacturerName>כללי</ManufacturerName>
      <ManufactureCountry>IL</ManufactureCountry>
      <ManufacturerItemDescription>משקה מצונן</ManufacturerItemDescription>
      <UnitQty>מיליליטרים</UnitQty>
      <Quantity>250.00</Quantity>
      <bIsWeighted>0</bIsWeighted>
      <UnitOfMeasure>100 מ"ל</UnitOfMeasure>
      <QtyInPackage>0</QtyInPackage>
      <ItemPrice>6.00</ItemPrice>
      <UnitOfMeasurePrice>2.40</UnitOfMeasurePrice>
      <AllowDiscount>1</AllowDiscount>
      <ItemStatus>1</ItemStatus>
    </Item>
    <Item>
      <PriceUpdateDate>2019-10-29 08:24</PriceUpdateDate>
      <ItemCode>7290009952896</ItemCode>
      <ItemType>0</ItemType>
      <ItemName>בירה מצוננת</ItemName>
      <ManufacturerName />
      <ManufactureCountry />
      <ManufacturerItemDescription>בירה מצוננת</ManufacturerItemDescription>
      <UnitQty>מיליליטרים</UnitQty>
      <Quantity>500.00</Quantity>
      <bIsWeighted>0</bIsWeighted>
      <UnitOfMeasure>100 מ"ל</UnitOfMeasure>
      <QtyInPackage>0</QtyInPackage>
      <ItemPrice>13.90</ItemPrice>
      <UnitOfMeasurePrice>2.78</UnitOfMeasurePrice>
      <AllowDiscount>1</AllowDiscount>
      <ItemStatus>1</ItemStatus>
    </Item>
    <Item>
      <PriceUpdateDate>2020-04-22 11:50</PriceUpdateDate>
      <ItemCode>7290009954999</ItemCode>
      <ItemType>0</ItemType>
      <ItemName>מים מצוננים</ItemName>
      <ManufacturerName />
      <ManufactureCountry>IL</ManufactureCountry>
      <ManufacturerItemDescription>מים מצוננים</ManufacturerItemDescription>
      <UnitQty>מיליליטרים</UnitQty>
      <Quantity>500.00</Quantity>
      <bIsWeighted>0</bIsWeighted>
      <UnitOfMeasure>100 מ"ל</UnitOfMeasure>
      <QtyInPackage>0</QtyInPackage>
      <ItemPrice>6.90</ItemPrice>
      <UnitOfMeasurePrice>1.38</UnitOfMeasurePrice>
      <AllowDiscount>1</AllowDiscount>
      <ItemStatus>1</ItemStatus>
    </Item>
    <Item>
      <PriceUpdateDate>2015-09-30 08:06</PriceUpdateDate>
      <ItemCode>7290009955002</ItemCode>
      <ItemType>0</ItemType>
      <ItemName>מים מצוננים</ItemName>
      <ManufacturerName />
      <ManufactureCountry>IL</ManufactureCountry>
      <ManufacturerItemDescription>מים מצוננים</ManufacturerItemDescription>
      <UnitQty>ליטרים</UnitQty>
      <Quantity>1.50</Quantity>
      <bIsWeighted>0</bIsWeighted>
      <UnitOfMeasure>ליטר</UnitOfMeasure>
      <QtyInPackage>0</QtyInPackage>
      <ItemPrice>7.70</ItemPrice>
      <UnitOfMeasurePrice>5.13</UnitOfMeasurePrice>
      <AllowDiscount>1</AllowDiscount>
      <ItemStatus>1</ItemStatus>
    </Item>
    <Item>
      <PriceUpdateDate>2015-09-30 08:06</PriceUpdateDate>
      <ItemCode>7290009955019</ItemCode>
      <ItemType>0</ItemType>
      <ItemName>משקה מצונן</ItemName>
      <ManufacturerName />
      <ManufactureCountry>IL</ManufactureCountry>
      <ManufacturerItemDescription>משקה מצונן</ManufacturerItemDescription>
      <UnitQty>ליטרים</UnitQty>
      <Quantity>1.50</Quantity>
      <bIsWeighted>0</bIsWeighted>
      <UnitOfMeasure>ליטר</UnitOfMeasure>
      <QtyInPackage>0</QtyInPackage>
      <ItemPrice>9.90</ItemPrice>
      <UnitOfMeasurePrice>6.60</UnitOfMeasurePrice>
      <AllowDiscount>1</AllowDiscount>
      <ItemStatus>1</ItemStatus>
    </Item>
    <Item>
      <PriceUpdateDate>2014-06-02 16:47</PriceUpdateDate>
      <ItemCode>7290010065301</ItemCode>
      <ItemType>1</ItemType>
      <ItemName>פרינוק מחית סלט פירות130</ItemName>
      <ManufacturerName>פרינוק</ManufacturerName>
      <ManufactureCountry>CZ</ManufactureCountry>
      <ManufacturerItemDescription>פרינוק מחית</ManufacturerItemDescription>
      <UnitQty>גרמים</UnitQty>
      <Quantity>130.00</Quantity>
      <bIsWeighted>0</bIsWeighted>
      <UnitOfMeasure>100 גרם</UnitOfMeasure>
      <QtyInPackage>0</QtyInPackage>
      <ItemPrice>5.20</ItemPrice>
      <UnitOfMeasurePrice>4.00</UnitOfMeasurePrice>
      <AllowDiscount>1</AllowDiscount>
      <ItemStatus>1</ItemStatus>
    </Item>
    <Item>
      <PriceUpdateDate>2015-09-30 08:13</PriceUpdateDate>
      <ItemCode>7290010065332</ItemCode>
      <ItemType>1</ItemType>
      <ItemName>פרינוק ג'ונ.תפו"ע+בננ190</ItemName>
      <ManufacturerName>פרינוק</ManufacturerName>
      <ManufactureCountry>CZ</ManufactureCountry>
      <ManufacturerItemDescription>פריניוק ג'וניור</ManufacturerItemDescription>
      <UnitQty>גרמים</UnitQty>
      <Quantity>190.00</Quantity>
      <bIsWeighted>0</bIsWeighted>
      <UnitOfMeasure>100 גרם</UnitOfMeasure>
      <QtyInPackage>0</QtyInPackage>
      <ItemPrice>5.90</ItemPrice>
      <UnitOfMeasurePrice>3.11</UnitOfMeasurePrice>
      <AllowDiscount>1</AllowDiscount>
      <ItemStatus>1</ItemStatus>
    </Item>
    <Item>
      <PriceUpdateDate>2017-10-17 09:07</PriceUpdateDate>
      <ItemCode>7290010116980</ItemCode>
      <ItemType>1</ItemType>
      <ItemName>שוקולית 850 גרם</ItemName>
      <ManufacturerName>שטראוס קפה בי.וי.</ManufacturerName>
      <ManufactureCountry>IL</ManufactureCountry>
      <ManufacturerItemDescription>שוקולית עלית</ManufacturerItemDescription>
      <UnitQty>גרמים</UnitQty>
      <Quantity>850.00</Quantity>
      <bIsWeighted>0</bIsWeighted>
      <UnitOfMeasure>100 גרם</UnitOfMeasure>
      <QtyInPackage>0</QtyInPackage>
      <ItemPrice>19.50</ItemPrice>
      <UnitOfMeasurePrice>2.29</UnitOfMeasurePrice>
      <AllowDiscount>1</AllowDiscount>
      <ItemStatus>1</ItemStatus>
    </Item>
    <Item>
      <PriceUpdateDate>2019-01-23 17:53</PriceUpdateDate>
      <ItemCode>7290010237548</ItemCode>
      <ItemType>1</ItemType>
      <ItemName>פפסי מקס</ItemName>
      <ManufacturerName />
      <ManufactureCountry>IL</ManufactureCountry>
      <ManufacturerItemDescription>פפסי מקס</ManufacturerItemDescription>
      <UnitQty>מיליליטרים</UnitQty>
      <Quantity>500.00</Quantity>
      <bIsWeighted>0</bIsWeighted>
      <UnitOfMeasure>100 מ"ל</UnitOfMeasure>
      <QtyInPackage>0</QtyInPackage>
      <ItemPrice>4.50</ItemPrice>
      <UnitOfMeasurePrice>0.90</UnitOfMeasurePrice>
      <AllowDiscount>1</AllowDiscount>
      <ItemStatus>1</ItemStatus>
    </Item>
    <Item>
      <PriceUpdateDate>2017-03-14 06:47</PriceUpdateDate>
      <ItemCode>7290010237623</ItemCode>
      <ItemType>1</ItemType>
      <ItemName>בירה נשר מאלט 1.5 ליטר</ItemName>
      <ManufacturerName>טמפו משקאות בע"מ</ManufacturerName>
      <ManufactureCountry>IL</ManufactureCountry>
      <ManufacturerItemDescription>נשר מאלט</ManufacturerItemDescription>
      <UnitQty>ליטרים</UnitQty>
      <Quantity>1.50</Quantity>
      <bIsWeighted>0</bIsWeighted>
      <UnitOfMeasure>ליטר</UnitOfMeasure>
      <QtyInPackage>0</QtyInPackage>
      <ItemPrice>7.90</ItemPrice>
      <UnitOfMeasurePrice>5.27</UnitOfMeasurePrice>
      <AllowDiscount>1</AllowDiscount>
      <ItemStatus>1</ItemStatus>
    </Item>
    <Item>
      <PriceUpdateDate>2019-01-23 17:53</PriceUpdateDate>
      <ItemCode>7290010237890</ItemCode>
      <ItemType>1</ItemType>
      <ItemName>בירה הייניקן בק.חוזר500מ</ItemName>
      <ManufacturerName>היינקן</ManufacturerName>
      <ManufactureCountry>IL</ManufactureCountry>
      <ManufacturerItemDescription>בירה הייניקן</ManufacturerItemDescription>
      <UnitQty>מיליליטרים</UnitQty>
      <Quantity>500.00</Quantity>
      <bIsWeighted>0</bIsWeighted>
      <UnitOfMeasure>100 מ"ל</UnitOfMeasure>
      <QtyInPackage>0</QtyInPackage>
      <ItemPrice>10.00</ItemPrice>
      <UnitOfMeasurePrice>2.00</UnitOfMeasurePrice>
      <AllowDiscount>1</AllowDiscount>
      <ItemStatus>1</ItemStatus>
    </Item>
    <Item>
      <PriceUpdateDate>2017-07-04 09:43</PriceUpdateDate>
      <ItemCode>7290010259359</ItemCode>
      <ItemType>1</ItemType>
      <ItemName>נודלס ביצים</ItemName>
      <ManufacturerName />
      <ManufactureCountry>CN</ManufactureCountry>
      <ManufacturerItemDescription>נודלס ביצים</ManufacturerItemDescription>
      <UnitQty>גרמים</UnitQty>
      <Quantity>200.00</Quantity>
      <bIsWeighted>0</bIsWeighted>
      <UnitOfMeasure>100 גרם</UnitOfMeasure>
      <QtyInPackage>0</QtyInPackage>
      <ItemPrice>4.20</ItemPrice>
      <UnitOfMeasurePrice>2.10</UnitOfMeasurePrice>
      <AllowDiscount>1</AllowDiscount>
      <ItemStatus>1</ItemStatus>
    </Item>
    <Item>
      <PriceUpdateDate>2017-02-07 07:16</PriceUpdateDate>
      <ItemCode>7290010259823</ItemCode>
      <ItemType>1</ItemType>
      <ItemName>מנת השף נודלס</ItemName>
      <ManufacturerName />
      <ManufactureCountry>TH</ManufactureCountry>
      <ManufacturerItemDescription>מנת השף נודלס</ManufacturerItemDescription>
      <UnitQty>גרמים</UnitQty>
      <Quantity>70.00</Quantity>
      <bIsWeighted>0</bIsWeighted>
      <UnitOfMeasure>100 גרם</UnitOfMeasure>
      <QtyInPackage>0</QtyInPackage>
      <ItemPrice>5.20</ItemPrice>
      <UnitOfMeasurePrice>7.43</UnitOfMeasurePrice>
      <AllowDiscount>1</AllowDiscount>
      <ItemStatus>1</ItemStatus>
    </Item>
    <Item>
      <PriceUpdateDate>2017-02-07 07:16</PriceUpdateDate>
      <ItemCode>7290010259847</ItemCode>
      <ItemType>1</ItemType>
      <ItemName>מנת השף נודלס</ItemName>
      <ManufacturerName />
      <ManufactureCountry>TH</ManufactureCountry>
      <ManufacturerItemDescription>מנת השף נודלס</ManufacturerItemDescription>
      <UnitQty>גרמים</UnitQty>
      <Quantity>70.00</Quantity>
      <bIsWeighted>0</bIsWeighted>
      <UnitOfMeasure>100 גרם</UnitOfMeasure>
      <QtyInPackage>0</QtyInPackage>
      <ItemPrice>5.20</ItemPrice>
      <UnitOfMeasurePrice>7.43</UnitOfMeasurePrice>
      <AllowDiscount>1</AllowDiscount>
      <ItemStatus>1</ItemStatus>
    </Item>
    <Item>
      <PriceUpdateDate>2017-02-07 07:16</PriceUpdateDate>
      <ItemCode>7290010259854</ItemCode>
      <ItemType>1</ItemType>
      <ItemName>מנת השף נודלס</ItemName>
      <ManufacturerName />
      <ManufactureCountry>TH</ManufactureCountry>
      <ManufacturerItemDescription>מנת השף נודלס</ManufacturerItemDescription>
      <UnitQty>גרמים</UnitQty>
      <Quantity>70.00</Quantity>
      <bIsWeighted>0</bIsWeighted>
      <UnitOfMeasure>100 גרם</UnitOfMeasure>
      <QtyInPackage>0</QtyInPackage>
      <ItemPrice>5.20</ItemPrice>
      <UnitOfMeasurePrice>7.43</UnitOfMeasurePrice>
      <AllowDiscount>1</AllowDiscount>
      <ItemStatus>1</ItemStatus>
    </Item>
    <Item>
      <PriceUpdateDate>2017-02-07 07:16</PriceUpdateDate>
      <ItemCode>7290010259861</ItemCode>
      <ItemType>1</ItemType>
      <ItemName>מנת השף נודלס</ItemName>
      <ManufacturerName />
      <ManufactureCountry>TH</ManufactureCountry>
      <ManufacturerItemDescription>מנת השף נודלס</ManufacturerItemDescription>
      <UnitQty>גרמים</UnitQty>
      <Quantity>70.00</Quantity>
      <bIsWeighted>0</bIsWeighted>
      <UnitOfMeasure>100 גרם</UnitOfMeasure>
      <QtyInPackage>0</QtyInPackage>
      <ItemPrice>5.20</ItemPrice>
      <UnitOfMeasurePrice>7.43</UnitOfMeasurePrice>
      <AllowDiscount>1</AllowDiscount>
      <ItemStatus>1</ItemStatus>
    </Item>
    <Item>
      <PriceUpdateDate>2018-01-23 08:52</PriceUpdateDate>
      <ItemCode>7290010328505</ItemCode>
      <ItemType>1</ItemType>
      <ItemName>מיני חלוה ללת"ס15יח10*גר</ItemName>
      <ManufacturerName>אחדות בע"מ א.ת. ברקן</ManufacturerName>
      <ManufactureCountry>IL</ManufactureCountry>
      <ManufacturerItemDescription>מיני חלווה</ManufacturerItemDescription>
      <UnitQty>גרמים</UnitQty>
      <Quantity>150.00</Quantity>
      <bIsWeighted>0</bIsWeighted>
      <UnitOfMeasure>100 גרם</UnitOfMeasure>
      <QtyInPackage>0</QtyInPackage>
      <ItemPrice>10.90</ItemPrice>
      <UnitOfMeasurePrice>7.27</UnitOfMeasurePrice>
      <AllowDiscount>1</AllowDiscount>
      <ItemStatus>1</ItemStatus>
    </Item>
    <Item>
      <PriceUpdateDate>2018-02-21 10:09</PriceUpdateDate>
      <ItemCode>7290010471669</ItemCode>
      <ItemType>1</ItemType>
      <ItemName>דנונה בר תות קורנפ175.גר</ItemName>
      <ManufacturerName>שטראוס בריאות בע"\מ</ManufacturerName>
      <ManufactureCountry>IL</ManufactureCountry>
      <ManufacturerItemDescription>דנונה בר תות</ManufacturerItemDescription>
      <UnitQty>גרמים</UnitQty>
      <Quantity>175.00</Quantity>
      <bIsWeighted>0</bIsWeighted>
      <UnitOfMeasure>100 גרם</UnitOfMeasure>
      <QtyInPackage>0</QtyInPackage>
      <ItemPrice>4.80</ItemPrice>
      <UnitOfMeasurePrice>2.74</UnitOfMeasurePrice>
      <AllowDiscount>1</AllowDiscount>
      <ItemStatus>1</ItemStatus>
    </Item>
    <Item>
      <PriceUpdateDate>2016-01-18 07:14</PriceUpdateDate>
      <ItemCode>7290010569120</ItemCode>
      <ItemType>1</ItemType>
      <ItemName>פסק זמן קרנץ יח</ItemName>
      <ManufacturerName>שטראוס</ManufacturerName>
      <ManufactureCountry>IL</ManufactureCountry>
      <ManufacturerItemDescription>פסק זמן קרנץ</ManufacturerItemDescription>
      <UnitQty>יחידה</UnitQty>
      <Quantity>1.00</Quantity>
      <bIsWeighted>0</bIsWeighted>
      <UnitOfMeasure>יחידה</UnitOfMeasure>
      <QtyInPackage>0</QtyInPackage>
      <ItemPrice>10.00</ItemPrice>
      <UnitOfMeasurePrice>10.00</UnitOfMeasurePrice>
      <AllowDiscount>1</AllowDiscount>
      <ItemStatus>1</ItemStatus>
    </Item>
    <Item>
      <PriceUpdateDate>2020-08-04 16:29</PriceUpdateDate>
      <ItemCode>7290010814695</ItemCode>
      <ItemType>1</ItemType>
      <ItemName>שוקולד מריר ללת"ס 85 גרם</ItemName>
      <ManufacturerName>כרמית תעשיות ממתקים בעמ</ManufacturerName>
      <ManufactureCountry>IL</ManufactureCountry>
      <ManufacturerItemDescription>שוקולד מריר</ManufacturerItemDescription>
      <UnitQty>גרמים</UnitQty>
      <Quantity>85.00</Quantity>
      <bIsWeighted>0</bIsWeighted>
      <UnitOfMeasure>100 גרם</UnitOfMeasure>
      <QtyInPackage>0</QtyInPackage>
      <ItemPrice>6.90</ItemPrice>
      <UnitOfMeasurePrice>8.12</UnitOfMeasurePrice>
      <AllowDiscount>1</AllowDiscount>
      <ItemStatus>1</ItemStatus>
    </Item>
    <Item>
      <PriceUpdateDate>2020-08-04 16:29</PriceUpdateDate>
      <ItemCode>7290010814701</ItemCode>
      <ItemType>1</ItemType>
      <ItemName>שוקולד חלב ללת"ס 85 גרם</ItemName>
      <ManufacturerName>כרמית תעשיות ממתקים בעמ</ManufacturerName>
      <ManufactureCountry>IL</ManufactureCountry>
      <ManufacturerItemDescription>שוקולד חלב</ManufacturerItemDescription>
      <UnitQty>גרמים</UnitQty>
      <Quantity>85.00</Quantity>
      <bIsWeighted>0</bIsWeighted>
      <UnitOfMeasure>100 גרם</UnitOfMeasure>
      <QtyInPackage>0</QtyInPackage>
      <ItemPrice>6.90</ItemPrice>
      <UnitOfMeasurePrice>8.12</UnitOfMeasurePrice>
      <AllowDiscount>1</AllowDiscount>
      <ItemStatus>1</ItemStatus>
    </Item>
    <Item>
      <PriceUpdateDate>2016-02-29 07:55</PriceUpdateDate>
      <ItemCode>7290010945146</ItemCode>
      <ItemType>1</ItemType>
      <ItemName>קוטג' 3%רכיבים טביעי250ג</ItemName>
      <ManufacturerName>טרה</ManufacturerName>
      <ManufactureCountry>IL</ManufactureCountry>
      <ManufacturerItemDescription>קוטג'  3%  250גר</ManufacturerItemDescription>
      <UnitQty>גרמים</UnitQty>
      <Quantity>250.00</Quantity>
      <bIsWeighted>0</bIsWeighted>
      <UnitOfMeasure>100 גרם</UnitOfMeasure>
      <QtyInPackage>0</QtyInPackage>
      <ItemPrice>5.50</ItemPrice>
      <UnitOfMeasurePrice>2.20</UnitOfMeasurePrice>
      <AllowDiscount>1</AllowDiscount>
      <ItemStatus>1</ItemStatus>
    </Item>
    <Item>
      <PriceUpdateDate>2019-11-11 07:48</PriceUpdateDate>
      <ItemCode>7290010945450</ItemCode>
      <ItemType>1</ItemType>
      <ItemName>גבינה לבנה 3% 250 גרם</ItemName>
      <ManufacturerName>טרה</ManufacturerName>
      <ManufactureCountry>IL</ManufactureCountry>
      <ManufacturerItemDescription>גבינה לבנה3%</ManufacturerItemDescription>
      <UnitQty>גרמים</UnitQty>
      <Quantity>250.00</Quantity>
      <bIsWeighted>0</bIsWeighted>
      <UnitOfMeasure>100 גרם</UnitOfMeasure>
      <QtyInPackage>0</QtyInPackage>
      <ItemPrice>4.80</ItemPrice>
      <UnitOfMeasurePrice>1.92</UnitOfMeasurePrice>
      <AllowDiscount>1</AllowDiscount>
      <ItemStatus>1</ItemStatus>
    </Item>
    <Item>
      <PriceUpdateDate>2019-06-19 08:00</PriceUpdateDate>
      <ItemCode>7290010945481</ItemCode>
      <ItemType>1</ItemType>
      <ItemName>גבינה לבנה 5% 500 גרם</ItemName>
      <ManufacturerName>טרה</ManufacturerName>
      <ManufactureCountry>IL</ManufactureCountry>
      <ManufacturerItemDescription>גבינה לבנה 5%</ManufacturerItemDescription>
      <UnitQty>גרמים</UnitQty>
      <Quantity>500.00</Quantity>
      <bIsWeighted>0</bIsWeighted>
      <UnitOfMeasure>100 גרם</UnitOfMeasure>
      <QtyInPackage>0</QtyInPackage>
      <ItemPrice>9.50</ItemPrice>
      <UnitOfMeasurePrice>1.90</UnitOfMeasurePrice>
      <AllowDiscount>1</AllowDiscount>
      <ItemStatus>1</ItemStatus>
    </Item>
    <Item>
      <PriceUpdateDate>2018-11-29 10:11</PriceUpdateDate>
      <ItemCode>7290011015862</ItemCode>
      <ItemType>1</ItemType>
      <ItemName>סירופ דיאט לימונענע750מל</ItemName>
      <ManufacturerName>גת</ManufacturerName>
      <ManufactureCountry>IL</ManufactureCountry>
      <ManufacturerItemDescription>סירופ לימונענע</ManufacturerItemDescription>
      <UnitQty>מיליליטרים</UnitQty>
      <Quantity>750.00</Quantity>
      <bIsWeighted>0</bIsWeighted>
      <UnitOfMeasure>100 מ"ל</UnitOfMeasure>
      <QtyInPackage>0</QtyInPackage>
      <ItemPrice>19.90</ItemPrice>
      <UnitOfMeasurePrice>2.65</UnitOfMeasurePrice>
      <AllowDiscount>1</AllowDiscount>
      <ItemStatus>1</ItemStatus>
    </Item>
    <Item>
      <PriceUpdateDate>2020-04-22 11:50</PriceUpdateDate>
      <ItemCode>7290011017866</ItemCode>
      <ItemType>1</ItemType>
      <ItemName>סליק קוקה קולה 330מ"ל</ItemName>
      <ManufacturerName>החברה המרכזית לייצור משק</ManufacturerName>
      <ManufactureCountry>IL</ManufactureCountry>
      <ManufacturerItemDescription>קוקה קולה סליק</ManufacturerItemDescription>
      <UnitQty>מיליליטרים</UnitQty>
      <Quantity>330.00</Quantity>
      <bIsWeighted>0</bIsWeighted>
      <UnitOfMeasure>100 מ"ל</UnitOfMeasure>
      <QtyInPackage>0</QtyInPackage>
      <ItemPrice>6.10</ItemPrice>
      <UnitOfMeasurePrice>1.85</UnitOfMeasurePrice>
      <AllowDiscount>1</AllowDiscount>
      <ItemStatus>1</ItemStatus>
    </Item>
    <Item>
      <PriceUpdateDate>2020-04-22 11:50</PriceUpdateDate>
      <ItemCode>7290011017873</ItemCode>
      <ItemType>1</ItemType>
      <ItemName>סליק קוקה זירו 330 מ"ל</ItemName>
      <ManufacturerName>החברה המרכזית לייצור משק</ManufacturerName>
      <ManufactureCountry>IL</ManufactureCountry>
      <ManufacturerItemDescription>קוקה זירו</ManufacturerItemDescription>
      <UnitQty>מיליליטרים</UnitQty>
      <Quantity>330.00</Quantity>
      <bIsWeighted>0</bIsWeighted>
      <UnitOfMeasure>100 מ"ל</UnitOfMeasure>
      <QtyInPackage>0</QtyInPackage>
      <ItemPrice>6.10</ItemPrice>
      <UnitOfMeasurePrice>1.85</UnitOfMeasurePrice>
      <AllowDiscount>1</AllowDiscount>
      <ItemStatus>1</ItemStatus>
    </Item>
    <Item>
      <PriceUpdateDate>2015-09-30 08:07</PriceUpdateDate>
      <ItemCode>7290011018191</ItemCode>
      <ItemType>1</ItemType>
      <ItemName>פיוז תה אפרסק</ItemName>
      <ManufacturerName />
      <ManufactureCountry>IL</ManufactureCountry>
      <ManufacturerItemDescription>פיוז תה אפרסק</ManufacturerItemDescription>
      <UnitQty>מיליליטרים</UnitQty>
      <Quantity>500.00</Quantity>
      <bIsWeighted>0</bIsWeighted>
      <UnitOfMeasure>100 מ"ל</UnitOfMeasure>
      <QtyInPackage>0</QtyInPackage>
      <ItemPrice>8.20</ItemPrice>
      <UnitOfMeasurePrice>1.64</UnitOfMeasurePrice>
      <AllowDiscount>1</AllowDiscount>
      <ItemStatus>1</ItemStatus>
    </Item>
    <Item>
      <PriceUpdateDate>2016-03-29 06:44</PriceUpdateDate>
      <ItemCode>7290011018252</ItemCode>
      <ItemType>1</ItemType>
      <ItemName>תה מנגו אננס</ItemName>
      <ManufacturerName />
      <ManufactureCountry>IL</ManufactureCountry>
      <ManufacturerItemDescription>תה מנגו אננס</ManufacturerItemDescription>
      <UnitQty>ליטרים</UnitQty>
      <Quantity>1.50</Quantity>
      <bIsWeighted>0</bIsWeighted>
      <UnitOfMeasure>ליטר</UnitOfMeasure>
      <QtyInPackage>0</QtyInPackage>
      <ItemPrice>7.90</ItemPrice>
      <UnitOfMeasurePrice>5.27</UnitOfMeasurePrice>
      <AllowDiscount>1</AllowDiscount>
      <ItemStatus>1</ItemStatus>
    </Item>
    <Item>
      <PriceUpdateDate>2016-03-29 06:44</PriceUpdateDate>
      <ItemCode>7290011018283</ItemCode>
      <ItemType>1</ItemType>
      <ItemName>פיוז תה אפרסק</ItemName>
      <ManufacturerName />
      <ManufactureCountry>IL</ManufactureCountry>
      <ManufacturerItemDescription>פיוז תה אפרסק</ManufacturerItemDescription>
      <UnitQty>ליטרים</UnitQty>
      <Quantity>1.50</Quantity>
      <bIsWeighted>0</bIsWeighted>
      <UnitOfMeasure>ליטר</UnitOfMeasure>
      <QtyInPackage>0</QtyInPackage>
      <ItemPrice>7.90</ItemPrice>
      <UnitOfMeasurePrice>5.27</UnitOfMeasurePrice>
      <AllowDiscount>1</AllowDiscount>
      <ItemStatus>1</ItemStatus>
    </Item>
    <Item>
      <PriceUpdateDate>2016-03-29 06:44</PriceUpdateDate>
      <ItemCode>7290011018306</ItemCode>
      <ItemType>1</ItemType>
      <ItemName>פיוז תה אפרסק</ItemName>
      <ManufacturerName />
      <ManufactureCountry>IL</ManufactureCountry>
      <ManufacturerItemDescription>פיוז תה אפרסק</ManufacturerItemDescription>
      <UnitQty>ליטרים</UnitQty>
      <Quantity>1.50</Quantity>
      <bIsWeighted>0</bIsWeighted>
      <UnitOfMeasure>ליטר</UnitOfMeasure>
      <QtyInPackage>0</QtyInPackage>
      <ItemPrice>7.90</ItemPrice>
      <UnitOfMeasurePrice>5.27</UnitOfMeasurePrice>
      <AllowDiscount>1</AllowDiscount>
      <ItemStatus>1</ItemStatus>
    </Item>
    <Item>
      <PriceUpdateDate>2015-11-17 07:51</PriceUpdateDate>
      <ItemCode>7290011051136</ItemCode>
      <ItemType>1</ItemType>
      <ItemName>שוופס סודה 1.5*4 ליטר</ItemName>
      <ManufacturerName>יפאורה תבורי בע"\מ</ManufacturerName>
      <ManufactureCountry>IL</ManufactureCountry>
      <ManufacturerItemDescription>שוופס סודה 4 יח'</ManufacturerItemDescription>
      <UnitQty>ליטרים</UnitQty>
      <Quantity>6.00</Quantity>
      <bIsWeighted>0</bIsWeighted>
      <UnitOfMeasure>ליטר</UnitOfMeasure>
      <QtyInPackage>0</QtyInPackage>
      <ItemPrice>11.90</ItemPrice>
      <UnitOfMeasurePrice>1.98</UnitOfMeasurePrice>
      <AllowDiscount>1</AllowDiscount>
      <ItemStatus>1</ItemStatus>
    </Item>
    <Item>
      <PriceUpdateDate>2015-11-17 07:51</PriceUpdateDate>
      <ItemCode>7290011051341</ItemCode>
      <ItemType>1</ItemType>
      <ItemName>שוופס סודה לימון 1.5*4 ל</ItemName>
      <ManufacturerName>יפאורה תבורי בע"\מ</ManufacturerName>
      <ManufactureCountry>IL</ManufactureCountry>
      <ManufacturerItemDescription>סודה לימון 4 יח</ManufacturerItemDescription>
      <UnitQty>ליטרים</UnitQty>
      <Quantity>6.00</Quantity>
      <bIsWeighted>0</bIsWeighted>
      <UnitOfMeasure>ליטר</UnitOfMeasure>
      <QtyInPackage>0</QtyInPackage>
      <ItemPrice>11.90</ItemPrice>
      <UnitOfMeasurePrice>1.98</UnitOfMeasurePrice>
      <AllowDiscount>1</AllowDiscount>
      <ItemStatus>1</ItemStatus>
    </Item>
    <Item>
      <PriceUpdateDate>2018-12-16 12:57</PriceUpdateDate>
      <ItemCode>7290011051372</ItemCode>
      <ItemType>1</ItemType>
      <ItemName>שוופס מוגז תפוח ליים1.5ל</ItemName>
      <ManufacturerName>יפאורה תבורי בע"\מ</ManufacturerName>
      <ManufactureCountry>IL</ManufactureCountry>
      <ManufacturerItemDescription>שוופס תפוח ליים</ManufacturerItemDescription>
      <UnitQty>ליטרים</UnitQty>
      <Quantity>1.50</Quantity>
      <bIsWeighted>0</bIsWeighted>
      <UnitOfMeasure>ליטר</UnitOfMeasure>
      <QtyInPackage>0</QtyInPackage>
      <ItemPrice>7.10</ItemPrice>
      <UnitOfMeasurePrice>4.73</UnitOfMeasurePrice>
      <AllowDiscount>1</AllowDiscount>
      <ItemStatus>1</ItemStatus>
    </Item>
    <Item>
      <PriceUpdateDate>2018-12-16 12:57</PriceUpdateDate>
      <ItemCode>7290011051389</ItemCode>
      <ItemType>1</ItemType>
      <ItemName>שוופס פירות יער מוגז1.5ל</ItemName>
      <ManufacturerName>יפאורה תבורי בע"\מ</ManufacturerName>
      <ManufactureCountry>IL</ManufactureCountry>
      <ManufacturerItemDescription>שוופס מוגז עדין</ManufacturerItemDescription>
      <UnitQty>ליטרים</UnitQty>
      <Quantity>1.50</Quantity>
      <bIsWeighted>0</bIsWeighted>
      <UnitOfMeasure>ליטר</UnitOfMeasure>
      <QtyInPackage>0</QtyInPackage>
      <ItemPrice>7.10</ItemPrice>
      <UnitOfMeasurePrice>4.73</UnitOfMeasurePrice>
      <AllowDiscount>1</AllowDiscount>
      <ItemStatus>1</ItemStatus>
    </Item>
    <Item>
      <PriceUpdateDate>2018-12-16 12:57</PriceUpdateDate>
      <ItemCode>7290011051396</ItemCode>
      <ItemType>1</ItemType>
      <ItemName>שוופס מוגז עדין אפרסק1.5</ItemName>
      <ManufacturerName>יפאורה תבורי בע"\מ</ManufacturerName>
      <ManufactureCountry>IL</ManufactureCountry>
      <ManufacturerItemDescription>שוופס אפרסק</ManufacturerItemDescription>
      <UnitQty>ליטרים</UnitQty>
      <Quantity>1.50</Quantity>
      <bIsWeighted>0</bIsWeighted>
      <UnitOfMeasure>ליטר</UnitOfMeasure>
      <QtyInPackage>0</QtyInPackage>
      <ItemPrice>7.10</ItemPrice>
      <UnitOfMeasurePrice>4.73</UnitOfMeasurePrice>
      <AllowDiscount>1</AllowDiscount>
      <ItemStatus>1</ItemStatus>
    </Item>
    <Item>
      <PriceUpdateDate>2016-01-26 06:52</PriceUpdateDate>
      <ItemCode>7290011051433</ItemCode>
      <ItemType>1</ItemType>
      <ItemName>שוופס מוגז אפרסק 500 מ"ל</ItemName>
      <ManufacturerName>יפאורה תבורי בעמ</ManufacturerName>
      <ManufactureCountry>IL</ManufactureCountry>
      <ManufacturerItemDescription>שוופס מוגז</ManufacturerItemDescription>
      <UnitQty>מיליליטרים</UnitQty>
      <Quantity>500.00</Quantity>
      <bIsWeighted>0</bIsWeighted>
      <UnitOfMeasure>100 מ"ל</UnitOfMeasure>
      <QtyInPackage>0</QtyInPackage>
      <ItemPrice>8.10</ItemPrice>
      <UnitOfMeasurePrice>1.62</UnitOfMeasurePrice>
      <AllowDiscount>1</AllowDiscount>
      <ItemStatus>1</ItemStatus>
    </Item>
    <Item>
      <PriceUpdateDate>2015-09-30 08:06</PriceUpdateDate>
      <ItemCode>7290011051440</ItemCode>
      <ItemType>1</ItemType>
      <ItemName>שוופס מוגז פירות יער500מ</ItemName>
      <ManufacturerName>יפאורה תבורי בעמ</ManufacturerName>
      <ManufactureCountry>IL</ManufactureCountry>
      <ManufacturerItemDescription>שוופס מוגז</ManufacturerItemDescription>
      <UnitQty>מיליליטרים</UnitQty>
      <Quantity>500.00</Quantity>
      <bIsWeighted>0</bIsWeighted>
      <UnitOfMeasure>100 מ"ל</UnitOfMeasure>
      <QtyInPackage>0</QtyInPackage>
      <ItemPrice>8.10</ItemPrice>
      <UnitOfMeasurePrice>1.62</UnitOfMeasurePrice>
      <AllowDiscount>1</AllowDiscount>
      <ItemStatus>1</ItemStatus>
    </Item>
    <Item>
      <PriceUpdateDate>2018-12-16 12:57</PriceUpdateDate>
      <ItemCode>7290011051488</ItemCode>
      <ItemType>1</ItemType>
      <ItemName>תה ספרינג אפרסק 1.5 ליטר</ItemName>
      <ManufacturerName>יפאורה תבורי בע"\מ</ManufacturerName>
      <ManufactureCountry>IL</ManufactureCountry>
      <ManufacturerItemDescription>ספרינג תה אפרסק</ManufacturerItemDescription>
      <UnitQty>ליטרים</UnitQty>
      <Quantity>1.50</Quantity>
      <bIsWeighted>0</bIsWeighted>
      <UnitOfMeasure>ליטר</UnitOfMeasure>
      <QtyInPackage>0</QtyInPackage>
      <ItemPrice>7.10</ItemPrice>
      <UnitOfMeasurePrice>4.73</UnitOfMeasurePrice>
      <AllowDiscount>1</AllowDiscount>
      <ItemStatus>1</ItemStatus>
    </Item>
    <Item>
      <PriceUpdateDate>2018-12-16 12:57</PriceUpdateDate>
      <ItemCode>7290011051655</ItemCode>
      <ItemType>1</ItemType>
      <ItemName>שוופס ריזלינג מוגז 1.5ל'</ItemName>
      <ManufacturerName>יפאורה תבורי בע"\מ</ManufacturerName>
      <ManufactureCountry>IL</ManufactureCountry>
      <ManufacturerItemDescription>שוופס ריזלינג</ManufacturerItemDescription>
      <UnitQty>ליטרים</UnitQty>
      <Quantity>1.50</Quantity>
      <bIsWeighted>0</bIsWeighted>
      <UnitOfMeasure>ליטר</UnitOfMeasure>
      <QtyInPackage>0</QtyInPackage>
      <ItemPrice>7.10</ItemPrice>
      <UnitOfMeasurePrice>4.73</UnitOfMeasurePrice>
      <AllowDiscount>1</AllowDiscount>
      <ItemStatus>1</ItemStatus>
    </Item>
    <Item>
      <PriceUpdateDate>2019-08-13 08:20</PriceUpdateDate>
      <ItemCode>7290011051938</ItemCode>
      <ItemType>1</ItemType>
      <ItemName>תפוזינה תפוח רענן 1.5 ל'</ItemName>
      <ManufacturerName>יפאורה תבורי בע"\מ</ManufacturerName>
      <ManufactureCountry>IL</ManufactureCountry>
      <ManufacturerItemDescription>תפוזינה תפוח</ManufacturerItemDescription>
      <UnitQty>ליטרים</UnitQty>
      <Quantity>1.50</Quantity>
      <bIsWeighted>0</bIsWeighted>
      <UnitOfMeasure>ליטר</UnitOfMeasure>
      <QtyInPackage>0</QtyInPackage>
      <ItemPrice>6.90</ItemPrice>
      <UnitOfMeasurePrice>4.60</UnitOfMeasurePrice>
      <AllowDiscount>1</AllowDiscount>
      <ItemStatus>1</ItemStatus>
    </Item>
    <Item>
      <PriceUpdateDate>2017-02-06 13:17</PriceUpdateDate>
      <ItemCode>7290011081492</ItemCode>
      <ItemType>1</ItemType>
      <ItemName>קרמיסימו שלושה שוקולדים</ItemName>
      <ManufacturerName>גלידת שטראוס בע"\מ</ManufacturerName>
      <ManufactureCountry>IL</ManufactureCountry>
      <ManufacturerItemDescription>קרמיסימו שוקולדי</ManufacturerItemDescription>
      <UnitQty>ליטרים</UnitQty>
      <Quantity>1.33</Quantity>
      <bIsWeighted>0</bIsWeighted>
      <UnitOfMeasure>ליטר</UnitOfMeasure>
      <QtyInPackage>0</QtyInPackage>
      <ItemPrice>21.90</ItemPrice>
      <UnitOfMeasurePrice>16.47</UnitOfMeasurePrice>
      <AllowDiscount>1</AllowDiscount>
      <ItemStatus>1</ItemStatus>
    </Item>
    <Item>
      <PriceUpdateDate>2017-02-06 13:17</PriceUpdateDate>
      <ItemCode>7290011081690</ItemCode>
      <ItemType>1</ItemType>
      <ItemName>גל.קרמיסימו צ'יפ וניל/שו</ItemName>
      <ManufacturerName>גלידת שטראוס בע"\מ</ManufacturerName>
      <ManufactureCountry>IL</ManufactureCountry>
      <ManufacturerItemDescription>קרמיסימו צ'יפ</ManufacturerItemDescription>
      <UnitQty>ליטרים</UnitQty>
      <Quantity>1.33</Quantity>
      <bIsWeighted>0</bIsWeighted>
      <UnitOfMeasure>ליטר</UnitOfMeasure>
      <QtyInPackage>0</QtyInPackage>
      <ItemPrice>21.90</ItemPrice>
      <UnitOfMeasurePrice>16.47</UnitOfMeasurePrice>
      <AllowDiscount>1</AllowDiscount>
      <ItemStatus>1</ItemStatus>
    </Item>
    <Item>
      <PriceUpdateDate>2015-02-09 06:38</PriceUpdateDate>
      <ItemCode>7290011194215</ItemCode>
      <ItemType>1</ItemType>
      <ItemName>דניאלה בננה 150 מ"ל</ItemName>
      <ManufacturerName>שטראוס גרופ בע"\מ</ManufacturerName>
      <ManufactureCountry>IL</ManufactureCountry>
      <ManufacturerItemDescription>דניאלה בננה</ManufacturerItemDescription>
      <UnitQty>מיליליטרים</UnitQty>
      <Quantity>150.00</Quantity>
      <bIsWeighted>0</bIsWeighted>
      <UnitOfMeasure>100 מ"ל</UnitOfMeasure>
      <QtyInPackage>0</QtyInPackage>
      <ItemPrice>4.30</ItemPrice>
      <UnitOfMeasurePrice>2.87</UnitOfMeasurePrice>
      <AllowDiscount>1</AllowDiscount>
      <ItemStatus>1</ItemStatus>
    </Item>
    <Item>
      <PriceUpdateDate>2015-09-30 08:12</PriceUpdateDate>
      <ItemCode>7290011194246</ItemCode>
      <ItemType>1</ItemType>
      <ItemName>קוטג' 5% שומן 250 גרם</ItemName>
      <ManufacturerName>שטראוס בריאות בע"\מ</ManufacturerName>
      <ManufactureCountry>IL</ManufactureCountry>
      <ManufacturerItemDescription>קוטג' 5% שומן</ManufacturerItemDescription>
      <UnitQty>גרמים</UnitQty>
      <Quantity>250.00</Quantity>
      <bIsWeighted>0</bIsWeighted>
      <UnitOfMeasure>100 גרם</UnitOfMeasure>
      <QtyInPackage>0</QtyInPackage>
      <ItemPrice>5.90</ItemPrice>
      <UnitOfMeasurePrice>2.36</UnitOfMeasurePrice>
      <AllowDiscount>1</AllowDiscount>
      <ItemStatus>1</ItemStatus>
    </Item>
    <Item>
      <PriceUpdateDate>2013-12-22 10:38</PriceUpdateDate>
      <ItemCode>7290011194741</ItemCode>
      <ItemType>1</ItemType>
      <ItemName>משקה אקטיביה לבן1.5% 250</ItemName>
      <ManufacturerName>שטראוס גרופ בע"\מ</ManufacturerName>
      <ManufactureCountry>IL</ManufactureCountry>
      <ManufacturerItemDescription>משקה אקטיביה לבן</ManufacturerItemDescription>
      <UnitQty>מיליליטרים</UnitQty>
      <Quantity>250.00</Quantity>
      <bIsWeighted>0</bIsWeighted>
      <UnitOfMeasure>100 מ"ל</UnitOfMeasure>
      <QtyInPackage>0</QtyInPackage>
      <ItemPrice>5.10</ItemPrice>
      <UnitOfMeasurePrice>2.04</UnitOfMeasurePrice>
      <AllowDiscount>1</AllowDiscount>
      <ItemStatus>1</ItemStatus>
    </Item>
    <Item>
      <PriceUpdateDate>2018-11-09 10:26</PriceUpdateDate>
      <ItemCode>7290011499327</ItemCode>
      <ItemType>1</ItemType>
      <ItemName>גב.בולגרית מעודנת5% 250ג</ItemName>
      <ManufacturerName>מחלבות גד</ManufacturerName>
      <ManufactureCountry>IL</ManufactureCountry>
      <ManufacturerItemDescription>בולגרית מעודנת5%</ManufacturerItemDescription>
      <UnitQty>גרמים</UnitQty>
      <Quantity>250.00</Quantity>
      <bIsWeighted>0</bIsWeighted>
      <UnitOfMeasure>100 גרם</UnitOfMeasure>
      <QtyInPackage>0</QtyInPackage>
      <ItemPrice>23.70</ItemPrice>
      <UnitOfMeasurePrice>9.48</UnitOfMeasurePrice>
      <AllowDiscount>1</AllowDiscount>
      <ItemStatus>1</ItemStatus>
    </Item>
    <Item>
      <PriceUpdateDate>2020-10-10 18:30</PriceUpdateDate>
      <ItemCode>7290011499419</ItemCode>
      <ItemType>1</ItemType>
      <ItemName>גב.שמנת ט.טבעי5% 200גרם</ItemName>
      <ManufacturerName>מחלבות גד</ManufacturerName>
      <ManufactureCountry>IL</ManufactureCountry>
      <ManufacturerItemDescription>גבינת שמנת גד5%</ManufacturerItemDescription>
      <UnitQty>גרמים</UnitQty>
      <Quantity>200.00</Quantity>
      <bIsWeighted>0</bIsWeighted>
      <UnitOfMeasure>100 גרם</UnitOfMeasure>
      <QtyInPackage>0</QtyInPackage>
      <ItemPrice>10.00</ItemPrice>
      <UnitOfMeasurePrice>5.00</UnitOfMeasurePrice>
      <AllowDiscount>1</AllowDiscount>
      <ItemStatus>1</ItemStatus>
    </Item>
    <Item>
      <PriceUpdateDate>2020-10-10 18:30</PriceUpdateDate>
      <ItemCode>7290011499624</ItemCode>
      <ItemType>1</ItemType>
      <ItemName>גבינת שמנת 30% טבעי200גר</ItemName>
      <ManufacturerName>מחלבות גד</ManufacturerName>
      <ManufactureCountry>IL</ManufactureCountry>
      <ManufacturerItemDescription>גבינת שמנת 30%</ManufacturerItemDescription>
      <UnitQty>גרמים</UnitQty>
      <Quantity>200.00</Quantity>
      <bIsWeighted>0</bIsWeighted>
      <UnitOfMeasure>100 גרם</UnitOfMeasure>
      <QtyInPackage>0</QtyInPackage>
      <ItemPrice>10.90</ItemPrice>
      <UnitOfMeasurePrice>5.45</UnitOfMeasurePrice>
      <AllowDiscount>1</AllowDiscount>
      <ItemStatus>1</ItemStatus>
    </Item>
    <Item>
      <PriceUpdateDate>2020-10-10 18:30</PriceUpdateDate>
      <ItemCode>7290011499631</ItemCode>
      <ItemType>1</ItemType>
      <ItemName>גב.שמנת שום שמיר30% 200ג</ItemName>
      <ManufacturerName>מחלבות גד</ManufacturerName>
      <ManufactureCountry>IL</ManufactureCountry>
      <ManufacturerItemDescription>גבינת שמנת</ManufacturerItemDescription>
      <UnitQty>גרמים</UnitQty>
      <Quantity>200.00</Quantity>
      <bIsWeighted>0</bIsWeighted>
      <UnitOfMeasure>100 גרם</UnitOfMeasure>
      <QtyInPackage>0</QtyInPackage>
      <ItemPrice>10.90</ItemPrice>
      <UnitOfMeasurePrice>5.45</UnitOfMeasurePrice>
      <AllowDiscount>1</AllowDiscount>
      <ItemStatus>1</ItemStatus>
    </Item>
    <Item>
      <PriceUpdateDate>2020-10-10 18:30</PriceUpdateDate>
      <ItemCode>7290011499853</ItemCode>
      <ItemType>1</ItemType>
      <ItemName>גבינת שמנת</ItemName>
      <ManufacturerName />
      <ManufactureCountry>IL</ManufactureCountry>
      <ManufacturerItemDescription>גבינת שמנת</ManufacturerItemDescription>
      <UnitQty>גרמים</UnitQty>
      <Quantity>200.00</Quantity>
      <bIsWeighted>0</bIsWeighted>
      <UnitOfMeasure>100 גרם</UnitOfMeasure>
      <QtyInPackage>0</QtyInPackage>
      <ItemPrice>10.90</ItemPrice>
      <UnitOfMeasurePrice>5.45</UnitOfMeasurePrice>
      <AllowDiscount>1</AllowDiscount>
      <ItemStatus>1</ItemStatus>
    </Item>
    <Item>
      <PriceUpdateDate>2019-11-11 01:12</PriceUpdateDate>
      <ItemCode>7290011530945</ItemCode>
      <ItemType>1</ItemType>
      <ItemName>קרפצ'יו עגל 210 גרם</ItemName>
      <ManufacturerName>בלדי</ManufacturerName>
      <ManufactureCountry>IL</ManufactureCountry>
      <ManufacturerItemDescription>קרפצ'יו עגל</ManufacturerItemDescription>
      <UnitQty>גרמים</UnitQty>
      <Quantity>210.00</Quantity>
      <bIsWeighted>0</bIsWeighted>
      <UnitOfMeasure>100 גרם</UnitOfMeasure>
      <QtyInPackage>1</QtyInPackage>
      <ItemPrice>39.90</ItemPrice>
      <UnitOfMeasurePrice>19.00</UnitOfMeasurePrice>
      <AllowDiscount>1</AllowDiscount>
      <ItemStatus>1</ItemStatus>
    </Item>
    <Item>
      <PriceUpdateDate>2020-08-04 16:29</PriceUpdateDate>
      <ItemCode>7290011615260</ItemCode>
      <ItemType>1</ItemType>
      <ItemName>טורטיות</ItemName>
      <ManufacturerName />
      <ManufactureCountry>TR</ManufactureCountry>
      <ManufacturerItemDescription>טורטיות</ManufacturerItemDescription>
      <UnitQty>גרמים</UnitQty>
      <Quantity>540.00</Quantity>
      <bIsWeighted>0</bIsWeighted>
      <UnitOfMeasure>100 גרם</UnitOfMeasure>
      <QtyInPackage>0</QtyInPackage>
      <ItemPrice>11.90</ItemPrice>
      <UnitOfMeasurePrice>2.20</UnitOfMeasurePrice>
      <AllowDiscount>1</AllowDiscount>
      <ItemStatus>1</ItemStatus>
    </Item>
    <Item>
      <PriceUpdateDate>2020-08-04 16:29</PriceUpdateDate>
      <ItemCode>7290011668587</ItemCode>
      <ItemType>1</ItemType>
      <ItemName>גרנולה עשירה 500 גרם</ItemName>
      <ManufacturerName>אפקט טבעי</ManufacturerName>
      <ManufactureCountry>IL</ManufactureCountry>
      <ManufacturerItemDescription>גרנולה עשירה</ManufacturerItemDescription>
      <UnitQty>גרמים</UnitQty>
      <Quantity>500.00</Quantity>
      <bIsWeighted>0</bIsWeighted>
      <UnitOfMeasure>100 גרם</UnitOfMeasure>
      <QtyInPackage>0</QtyInPackage>
      <ItemPrice>26.90</ItemPrice>
      <UnitOfMeasurePrice>5.38</UnitOfMeasurePrice>
      <AllowDiscount>1</AllowDiscount>
      <ItemStatus>1</ItemStatus>
    </Item>
    <Item>
      <PriceUpdateDate>2019-03-27 11:26</PriceUpdateDate>
      <ItemCode>7290011723200</ItemCode>
      <ItemType>1</ItemType>
      <ItemName>טחינה הר ברכה 500 גרם</ItemName>
      <ManufacturerName>הר ברכה</ManufacturerName>
      <ManufactureCountry>IL</ManufactureCountry>
      <ManufacturerItemDescription>טחינה הר ברכה</ManufacturerItemDescription>
      <UnitQty>גרמים</UnitQty>
      <Quantity>500.00</Quantity>
      <bIsWeighted>0</bIsWeighted>
      <UnitOfMeasure>100 גרם</UnitOfMeasure>
      <QtyInPackage>1</QtyInPackage>
      <ItemPrice>18.90</ItemPrice>
      <UnitOfMeasurePrice>3.78</UnitOfMeasurePrice>
      <AllowDiscount>1</AllowDiscount>
      <ItemStatus>1</ItemStatus>
    </Item>
    <Item>
      <PriceUpdateDate>2015-09-30 08:03</PriceUpdateDate>
      <ItemCode>7290011765118</ItemCode>
      <ItemType>1</ItemType>
      <ItemName>קצף גילוח קרמה דליקט200מ</ItemName>
      <ManufacturerName>קוסמופארם</ManufacturerName>
      <ManufactureCountry>IL</ManufactureCountry>
      <ManufacturerItemDescription>קצף גילוח קרמה</ManufacturerItemDescription>
      <UnitQty>מיליליטרים</UnitQty>
      <Quantity>200.00</Quantity>
      <bIsWeighted>0</bIsWeighted>
      <UnitOfMeasure>100 מ"ל</UnitOfMeasure>
      <QtyInPackage>0</QtyInPackage>
      <ItemPrice>11.30</ItemPrice>
      <UnitOfMeasurePrice>5.65</UnitOfMeasurePrice>
      <AllowDiscount>1</AllowDiscount>
      <ItemStatus>1</ItemStatus>
    </Item>
    <Item>
      <PriceUpdateDate>2016-04-22 07:13</PriceUpdateDate>
      <ItemCode>7290011765200</ItemCode>
      <ItemType>1</ItemType>
      <ItemName>ג'ל ניקוי ידיים אלורה300</ItemName>
      <ManufacturerName>קוסמופארם</ManufacturerName>
      <ManufactureCountry>IL</ManufactureCountry>
      <ManufacturerItemDescription>ג'ל ניקוי לידים</ManufacturerItemDescription>
      <UnitQty>מיליליטרים</UnitQty>
      <Quantity>300.00</Quantity>
      <bIsWeighted>0</bIsWeighted>
      <UnitOfMeasure>100 מ"ל</UnitOfMeasure>
      <QtyInPackage>0</QtyInPackage>
      <ItemPrice>19.90</ItemPrice>
      <UnitOfMeasurePrice>6.63</UnitOfMeasurePrice>
      <AllowDiscount>1</AllowDiscount>
      <ItemStatus>1</ItemStatus>
    </Item>
    <Item>
      <PriceUpdateDate>2016-01-18 07:14</PriceUpdateDate>
      <ItemCode>7290011959692</ItemCode>
      <ItemType>1</ItemType>
      <ItemName>ביסקולדה ביג יח'</ItemName>
      <ManufacturerName>גלידות נסטלה</ManufacturerName>
      <ManufactureCountry>IL</ManufactureCountry>
      <ManufacturerItemDescription>ביסקולדה ביג יח'</ManufacturerItemDescription>
      <UnitQty>יחידה</UnitQty>
      <Quantity>1.00</Quantity>
      <bIsWeighted>0</bIsWeighted>
      <UnitOfMeasure>יחידה</UnitOfMeasure>
      <QtyInPackage>0</QtyInPackage>
      <ItemPrice>8.00</ItemPrice>
      <UnitOfMeasurePrice>8.00</UnitOfMeasurePrice>
      <AllowDiscount>1</AllowDiscount>
      <ItemStatus>1</ItemStatus>
    </Item>
    <Item>
      <PriceUpdateDate>2015-09-30 08:04</PriceUpdateDate>
      <ItemCode>7290012019258</ItemCode>
      <ItemType>1</ItemType>
      <ItemName>רסק תפו"ע 4 * 113 גרם</ItemName>
      <ManufacturerName>אינדיאן סאמר קו אופ אינק</ManufacturerName>
      <ManufactureCountry>US</ManufactureCountry>
      <ManufacturerItemDescription>רסק תפו"ע 4 יח</ManufacturerItemDescription>
      <UnitQty>גרמים</UnitQty>
      <Quantity>452.00</Quantity>
      <bIsWeighted>0</bIsWeighted>
      <UnitOfMeasure>100 גרם</UnitOfMeasure>
      <QtyInPackage>0</QtyInPackage>
      <ItemPrice>11.00</ItemPrice>
      <UnitOfMeasurePrice>2.43</UnitOfMeasurePrice>
      <AllowDiscount>1</AllowDiscount>
      <ItemStatus>1</ItemStatus>
    </Item>
    <Item>
      <PriceUpdateDate>2015-09-30 08:04</PriceUpdateDate>
      <ItemCode>7290012019272</ItemCode>
      <ItemType>1</ItemType>
      <ItemName>רסק תפו"ע וקינמון 113*4ג</ItemName>
      <ManufacturerName>אינדיאן סאמר קו אופ אינק</ManufacturerName>
      <ManufactureCountry>US</ManufactureCountry>
      <ManufacturerItemDescription>רסק תפו"ע</ManufacturerItemDescription>
      <UnitQty>גרמים</UnitQty>
      <Quantity>452.00</Quantity>
      <bIsWeighted>0</bIsWeighted>
      <UnitOfMeasure>100 גרם</UnitOfMeasure>
      <QtyInPackage>0</QtyInPackage>
      <ItemPrice>11.00</ItemPrice>
      <UnitOfMeasurePrice>2.43</UnitOfMeasurePrice>
      <AllowDiscount>1</AllowDiscount>
      <ItemStatus>1</ItemStatus>
    </Item>
    <Item>
      <PriceUpdateDate>2016-03-13 12:04</PriceUpdateDate>
      <ItemCode>7290012022005</ItemCode>
      <ItemType>1</ItemType>
      <ItemName>קריספיות טבעי</ItemName>
      <ManufacturerName>דילייט</ManufacturerName>
      <ManufactureCountry>IL</ManufactureCountry>
      <ManufacturerItemDescription>קריספיות טבעי</ManufacturerItemDescription>
      <UnitQty>גרמים</UnitQty>
      <Quantity>60.00</Quantity>
      <bIsWeighted>0</bIsWeighted>
      <UnitOfMeasure>100 גרם</UnitOfMeasure>
      <QtyInPackage>0</QtyInPackage>
      <ItemPrice>12.90</ItemPrice>
      <UnitOfMeasurePrice>21.50</UnitOfMeasurePrice>
      <AllowDiscount>1</AllowDiscount>
      <ItemStatus>1</ItemStatus>
    </Item>
    <Item>
      <PriceUpdateDate>2015-08-10 19:11</PriceUpdateDate>
      <ItemCode>7290012022050</ItemCode>
      <ItemType>1</ItemType>
      <ItemName>קריספיות מרובה דגנים 75ג</ItemName>
      <ManufacturerName>דילייט</ManufacturerName>
      <ManufactureCountry>IL</ManufactureCountry>
      <ManufacturerItemDescription>קריספיות דגנים</ManufacturerItemDescription>
      <UnitQty>גרמים</UnitQty>
      <Quantity>75.00</Quantity>
      <bIsWeighted>0</bIsWeighted>
      <UnitOfMeasure>100 גרם</UnitOfMeasure>
      <QtyInPackage>0</QtyInPackage>
      <ItemPrice>13.90</ItemPrice>
      <UnitOfMeasurePrice>18.53</UnitOfMeasurePrice>
      <AllowDiscount>1</AllowDiscount>
      <ItemStatus>1</ItemStatus>
    </Item>
    <Item>
      <PriceUpdateDate>2015-08-14 07:10</PriceUpdateDate>
      <ItemCode>7290012022067</ItemCode>
      <ItemType>1</ItemType>
      <ItemName>קריספיות קידס 30 גרם</ItemName>
      <ManufacturerName>דילייט</ManufacturerName>
      <ManufactureCountry>IL</ManufactureCountry>
      <ManufacturerItemDescription>קריספיות קידס</ManufacturerItemDescription>
      <UnitQty>גרמים</UnitQty>
      <Quantity>30.00</Quantity>
      <bIsWeighted>0</bIsWeighted>
      <UnitOfMeasure>100 גרם</UnitOfMeasure>
      <QtyInPackage>0</QtyInPackage>
      <ItemPrice>10.90</ItemPrice>
      <UnitOfMeasurePrice>36.33</UnitOfMeasurePrice>
      <AllowDiscount>1</AllowDiscount>
      <ItemStatus>1</ItemStatus>
    </Item>
    <Item>
      <PriceUpdateDate>2019-07-29 10:31</PriceUpdateDate>
      <ItemCode>7290012030475</ItemCode>
      <ItemType>1</ItemType>
      <ItemName>אל אם רד חפ</ItemName>
      <ManufacturerName>פיליפ מוריס</ManufacturerName>
      <ManufactureCountry>US</ManufactureCountry>
      <ManufacturerItemDescription>אל אם רד קצר</ManufacturerItemDescription>
      <UnitQty>יחידה</UnitQty>
      <Quantity>1.00</Quantity>
      <bIsWeighted>0</bIsWeighted>
      <UnitOfMeasure>יחידה</UnitOfMeasure>
      <QtyInPackage>1</QtyInPackage>
      <ItemPrice>30.50</ItemPrice>
      <UnitOfMeasurePrice>30.50</UnitOfMeasurePrice>
      <AllowDiscount>0</AllowDiscount>
      <ItemStatus>1</ItemStatus>
    </Item>
    <Item>
      <PriceUpdateDate>2019-07-29 10:31</PriceUpdateDate>
      <ItemCode>7290012030499</ItemCode>
      <ItemType>1</ItemType>
      <ItemName>אל אם בלו קצר</ItemName>
      <ManufacturerName>פיליפ מוריס</ManufacturerName>
      <ManufactureCountry>TR</ManufactureCountry>
      <ManufacturerItemDescription>אל אם בלו קצר</ManufacturerItemDescription>
      <UnitQty>יחידה</UnitQty>
      <Quantity>1.00</Quantity>
      <bIsWeighted>0</bIsWeighted>
      <UnitOfMeasure>יחידה</UnitOfMeasure>
      <QtyInPackage>1</QtyInPackage>
      <ItemPrice>30.50</ItemPrice>
      <UnitOfMeasurePrice>30.50</UnitOfMeasurePrice>
      <AllowDiscount>0</AllowDiscount>
      <ItemStatus>1</ItemStatus>
    </Item>
    <Item>
      <PriceUpdateDate>2019-07-29 10:31</PriceUpdateDate>
      <ItemCode>7290012030512</ItemCode>
      <ItemType>1</ItemType>
      <ItemName>אל אם בלו ארוך חפ יח</ItemName>
      <ManufacturerName>פיליפ מוריס</ManufacturerName>
      <ManufactureCountry>TR</ManufactureCountry>
      <ManufacturerItemDescription>אל אם בלו ארוך</ManufacturerItemDescription>
      <UnitQty>יחידה</UnitQty>
      <Quantity>1.00</Quantity>
      <bIsWeighted>0</bIsWeighted>
      <UnitOfMeasure>יחידה</UnitOfMeasure>
      <QtyInPackage>1</QtyInPackage>
      <ItemPrice>30.50</ItemPrice>
      <UnitOfMeasurePrice>30.50</UnitOfMeasurePrice>
      <AllowDiscount>0</AllowDiscount>
      <ItemStatus>1</ItemStatus>
    </Item>
    <Item>
      <PriceUpdateDate>2019-07-29 10:31</PriceUpdateDate>
      <ItemCode>7290012030574</ItemCode>
      <ItemType>1</ItemType>
      <ItemName>אל אם קפסולה חפ</ItemName>
      <ManufacturerName>פיליפ מוריס</ManufacturerName>
      <ManufactureCountry>TR</ManufactureCountry>
      <ManufacturerItemDescription>ל.מ פורוורד</ManufacturerItemDescription>
      <UnitQty>יחידה</UnitQty>
      <Quantity>1.00</Quantity>
      <bIsWeighted>0</bIsWeighted>
      <UnitOfMeasure>יחידה</UnitOfMeasure>
      <QtyInPackage>1</QtyInPackage>
      <ItemPrice>30.50</ItemPrice>
      <UnitOfMeasurePrice>30.50</UnitOfMeasurePrice>
      <AllowDiscount>0</AllowDiscount>
      <ItemStatus>1</ItemStatus>
    </Item>
    <Item>
      <PriceUpdateDate>2019-11-24 10:32</PriceUpdateDate>
      <ItemCode>7290012040016</ItemCode>
      <ItemType>1</ItemType>
      <ItemName>אל אם רד פקט</ItemName>
      <ManufacturerName>פיליפ מוריס</ManufacturerName>
      <ManufactureCountry>TR</ManufactureCountry>
      <ManufacturerItemDescription>ל.מ. רד</ManufacturerItemDescription>
      <UnitQty>יחידה</UnitQty>
      <Quantity>1.00</Quantity>
      <bIsWeighted>0</bIsWeighted>
      <UnitOfMeasure>יחידה</UnitOfMeasure>
      <QtyInPackage>1</QtyInPackage>
      <ItemPrice>299.00</ItemPrice>
      <UnitOfMeasurePrice>299.00</UnitOfMeasurePrice>
      <AllowDiscount>0</AllowDiscount>
      <ItemStatus>1</ItemStatus>
    </Item>
    <Item>
      <PriceUpdateDate>2019-11-24 10:32</PriceUpdateDate>
      <ItemCode>7290012040078</ItemCode>
      <ItemType>1</ItemType>
      <ItemName>נקסט פקט</ItemName>
      <ManufacturerName>פיליפ מוריס</ManufacturerName>
      <ManufactureCountry>TR</ManufactureCountry>
      <ManufacturerItemDescription>פאקט נקסט פיין</ManufacturerItemDescription>
      <UnitQty>יחידה</UnitQty>
      <Quantity>1.00</Quantity>
      <bIsWeighted>0</bIsWeighted>
      <UnitOfMeasure>יחידה</UnitOfMeasure>
      <QtyInPackage>1</QtyInPackage>
      <ItemPrice>281.00</ItemPrice>
      <UnitOfMeasurePrice>281.00</UnitOfMeasurePrice>
      <AllowDiscount>0</AllowDiscount>
      <ItemStatus>1</ItemStatus>
    </Item>
    <Item>
      <PriceUpdateDate>2019-11-24 10:32</PriceUpdateDate>
      <ItemCode>7290012040146</ItemCode>
      <ItemType>1</ItemType>
      <ItemName>פרלמנט בלו קצר פקט</ItemName>
      <ManufacturerName>פיליפ מוריס</ManufacturerName>
      <ManufactureCountry>TR</ManufactureCountry>
      <ManufacturerItemDescription>פאקט פרלמנט בלו</ManufacturerItemDescription>
      <UnitQty>יחידה</UnitQty>
      <Quantity>1.00</Quantity>
      <bIsWeighted>0</bIsWeighted>
      <UnitOfMeasure>יחידה</UnitOfMeasure>
      <QtyInPackage>1</QtyInPackage>
      <ItemPrice>381.50</ItemPrice>
      <UnitOfMeasurePrice>381.50</UnitOfMeasurePrice>
      <AllowDiscount>0</AllowDiscount>
      <ItemStatus>1</ItemStatus>
    </Item>
    <Item>
      <PriceUpdateDate>2019-11-24 13:01</PriceUpdateDate>
      <ItemCode>7290012040177</ItemCode>
      <ItemType>1</ItemType>
      <ItemName>מרלבורו רד קצר בוקס פקט</ItemName>
      <ManufacturerName>פיליפ מוריס</ManufacturerName>
      <ManufactureCountry>TR</ManufactureCountry>
      <ManufacturerItemDescription>מרלבורו רד</ManufacturerItemDescription>
      <UnitQty>יחידה</UnitQty>
      <Quantity>1.00</Quantity>
      <bIsWeighted>0</bIsWeighted>
      <UnitOfMeasure>יחידה</UnitOfMeasure>
      <QtyInPackage>1</QtyInPackage>
      <ItemPrice>329.50</ItemPrice>
      <UnitOfMeasurePrice>329.50</UnitOfMeasurePrice>
      <AllowDiscount>0</AllowDiscount>
      <ItemStatus>1</ItemStatus>
    </Item>
    <Item>
      <PriceUpdateDate>2019-11-24 10:32</PriceUpdateDate>
      <ItemCode>7290012040252</ItemCode>
      <ItemType>1</ItemType>
      <ItemName>מרלבורו גולד פקט</ItemName>
      <ManufacturerName>פיליפ מוריס</ManufacturerName>
      <ManufactureCountry>TR</ManufactureCountry>
      <ManufacturerItemDescription>מרלבורו גולד</ManufacturerItemDescription>
      <UnitQty>יחידה</UnitQty>
      <Quantity>1.00</Quantity>
      <bIsWeighted>0</bIsWeighted>
      <UnitOfMeasure>יחידה</UnitOfMeasure>
      <QtyInPackage>1</QtyInPackage>
      <ItemPrice>329.50</ItemPrice>
      <UnitOfMeasurePrice>329.50</UnitOfMeasurePrice>
      <AllowDiscount>0</AllowDiscount>
      <ItemStatus>1</ItemStatus>
    </Item>
    <Item>
      <PriceUpdateDate>2020-07-16 13:44</PriceUpdateDate>
      <ItemCode>7290012040474</ItemCode>
      <ItemType>1</ItemType>
      <ItemName>טבק מרלבורו רד חפ</ItemName>
      <ManufacturerName>פיליפס</ManufacturerName>
      <ManufactureCountry>PL</ManufactureCountry>
      <ManufacturerItemDescription>טבק מרלבורו</ManufacturerItemDescription>
      <UnitQty>גרמים</UnitQty>
      <Quantity>30.00</Quantity>
      <bIsWeighted>0</bIsWeighted>
      <UnitOfMeasure>100 גרם</UnitOfMeasure>
      <QtyInPackage>1</QtyInPackage>
      <ItemPrice>80.00</ItemPrice>
      <UnitOfMeasurePrice>266.67</UnitOfMeasurePrice>
      <AllowDiscount>0</AllowDiscount>
      <ItemStatus>1</ItemStatus>
    </Item>
    <Item>
      <PriceUpdateDate>2020-07-16 13:44</PriceUpdateDate>
      <ItemCode>7290012040481</ItemCode>
      <ItemType>1</ItemType>
      <ItemName>טבק לגלגול מרלבורו גולד</ItemName>
      <ManufacturerName>פיליפ מוריס</ManufacturerName>
      <ManufactureCountry>PL</ManufactureCountry>
      <ManufacturerItemDescription>טבק לגלגול</ManufacturerItemDescription>
      <UnitQty>יחידה</UnitQty>
      <Quantity>1.00</Quantity>
      <bIsWeighted>0</bIsWeighted>
      <UnitOfMeasure>יחידה</UnitOfMeasure>
      <QtyInPackage>1</QtyInPackage>
      <ItemPrice>80.00</ItemPrice>
      <UnitOfMeasurePrice>80.00</UnitOfMeasurePrice>
      <AllowDiscount>0</AllowDiscount>
      <ItemStatus>1</ItemStatus>
    </Item>
    <Item>
      <PriceUpdateDate>2019-11-24 10:32</PriceUpdateDate>
      <ItemCode>7290012040511</ItemCode>
      <ItemType>1</ItemType>
      <ItemName>טבק נקסט פיין 10 חפ</ItemName>
      <ManufacturerName>פיליפס</ManufacturerName>
      <ManufactureCountry>PL</ManufactureCountry>
      <ManufacturerItemDescription>טבק נקסט פיין</ManufacturerItemDescription>
      <UnitQty>גרמים</UnitQty>
      <Quantity>40.00</Quantity>
      <bIsWeighted>0</bIsWeighted>
      <UnitOfMeasure>100 גרם</UnitOfMeasure>
      <QtyInPackage>1</QtyInPackage>
      <ItemPrice>89.00</ItemPrice>
      <UnitOfMeasurePrice>222.50</UnitOfMeasurePrice>
      <AllowDiscount>0</AllowDiscount>
      <ItemStatus>1</ItemStatus>
    </Item>
    <Item>
      <PriceUpdateDate>2016-11-16 07:20</PriceUpdateDate>
      <ItemCode>7290012086007</ItemCode>
      <ItemType>1</ItemType>
      <ItemName>מלפפון בייבי</ItemName>
      <ManufacturerName>---</ManufacturerName>
      <ManufactureCountry>IL</ManufactureCountry>
      <ManufacturerItemDescription>מלפפון בייבי</ManufacturerItemDescription>
      <UnitQty>גרמים</UnitQty>
      <Quantity>350.00</Quantity>
      <bIsWeighted>0</bIsWeighted>
      <UnitOfMeasure>100 גרם</UnitOfMeasure>
      <QtyInPackage>1</QtyInPackage>
      <ItemPrice>9.90</ItemPrice>
      <UnitOfMeasurePrice>2.83</UnitOfMeasurePrice>
      <AllowDiscount>1</AllowDiscount>
      <ItemStatus>1</ItemStatus>
    </Item>
    <Item>
      <PriceUpdateDate>2016-08-21 09:07</PriceUpdateDate>
      <ItemCode>7290012086113</ItemCode>
      <ItemType>1</ItemType>
      <ItemName>עגבניה שרי אשכולות מובחר</ItemName>
      <ManufacturerName>---</ManufacturerName>
      <ManufactureCountry>IL</ManufactureCountry>
      <ManufacturerItemDescription>שרי אשכולות</ManufacturerItemDescription>
      <UnitQty>גרמים</UnitQty>
      <Quantity>460.00</Quantity>
      <bIsWeighted>0</bIsWeighted>
      <UnitOfMeasure>100 גרם</UnitOfMeasure>
      <QtyInPackage>0</QtyInPackage>
      <ItemPrice>10.90</ItemPrice>
      <UnitOfMeasurePrice>2.37</UnitOfMeasurePrice>
      <AllowDiscount>1</AllowDiscount>
      <ItemStatus>1</ItemStatus>
    </Item>
    <Item>
      <PriceUpdateDate>2018-06-26 15:17</PriceUpdateDate>
      <ItemCode>7290012116735</ItemCode>
      <ItemType>1</ItemType>
      <ItemName>נ.טואלט סופט גל.כפול24גל</ItemName>
      <ManufacturerName>סנו מפעלי ברונוס בעמ</ManufacturerName>
      <ManufactureCountry>IL</ManufactureCountry>
      <ManufacturerItemDescription>נייר טואלט סופט</ManufacturerItemDescription>
      <UnitQty>מטרים</UnitQty>
      <Quantity>900.00</Quantity>
      <bIsWeighted>0</bIsWeighted>
      <UnitOfMeasure>100 מטר</UnitOfMeasure>
      <QtyInPackage>0</QtyInPackage>
      <ItemPrice>41.90</ItemPrice>
      <UnitOfMeasurePrice>4.66</UnitOfMeasurePrice>
      <AllowDiscount>1</AllowDiscount>
      <ItemStatus>1</ItemStatus>
    </Item>
    <Item>
      <PriceUpdateDate>2020-08-04 16:29</PriceUpdateDate>
      <ItemCode>7290012226021</ItemCode>
      <ItemType>1</ItemType>
      <ItemName>סלמי מעושן פראג 400 גרם</ItemName>
      <ManufacturerName>זוגלובק</ManufacturerName>
      <ManufactureCountry>IL</ManufactureCountry>
      <ManufacturerItemDescription>סלמי מעושן פראג</ManufacturerItemDescription>
      <UnitQty>גרמים</UnitQty>
      <Quantity>400.00</Quantity>
      <bIsWeighted>0</bIsWeighted>
      <UnitOfMeasure>100 גרם</UnitOfMeasure>
      <QtyInPackage>0</QtyInPackage>
      <ItemPrice>19.90</ItemPrice>
      <UnitOfMeasurePrice>4.98</UnitOfMeasurePrice>
      <AllowDiscount>1</AllowDiscount>
      <ItemStatus>1</ItemStatus>
    </Item>
    <Item>
      <PriceUpdateDate>2017-02-07 07:17</PriceUpdateDate>
      <ItemCode>7290012226120</ItemCode>
      <ItemType>1</ItemType>
      <ItemName>קבנוס 135 גרם</ItemName>
      <ManufacturerName>זוגלובק</ManufacturerName>
      <ManufactureCountry>IL</ManufactureCountry>
      <ManufacturerItemDescription>קבנוס</ManufacturerItemDescription>
      <UnitQty>גרמים</UnitQty>
      <Quantity>135.00</Quantity>
      <bIsWeighted>0</bIsWeighted>
      <UnitOfMeasure>100 גרם</UnitOfMeasure>
      <QtyInPackage>0</QtyInPackage>
      <ItemPrice>12.90</ItemPrice>
      <UnitOfMeasurePrice>9.56</UnitOfMeasurePrice>
      <AllowDiscount>1</AllowDiscount>
      <ItemStatus>1</ItemStatus>
    </Item>
    <Item>
      <PriceUpdateDate>2020-10-10 18:30</PriceUpdateDate>
      <ItemCode>7290012227172</ItemCode>
      <ItemType>1</ItemType>
      <ItemName>מארז כפרית חרמון 300*2גר</ItemName>
      <ManufacturerName>זוגלובק</ManufacturerName>
      <ManufactureCountry>IL</ManufactureCountry>
      <ManufacturerItemDescription>מארז כפרית חרמון</ManufacturerItemDescription>
      <UnitQty>גרמים</UnitQty>
      <Quantity>600.00</Quantity>
      <bIsWeighted>0</bIsWeighted>
      <UnitOfMeasure>100 גרם</UnitOfMeasure>
      <QtyInPackage>0</QtyInPackage>
      <ItemPrice>29.90</ItemPrice>
      <UnitOfMeasurePrice>4.99</UnitOfMeasurePrice>
      <AllowDiscount>1</AllowDiscount>
      <ItemStatus>1</ItemStatus>
    </Item>
    <Item>
      <PriceUpdateDate>2017-08-22 07:07</PriceUpdateDate>
      <ItemCode>7290012227912</ItemCode>
      <ItemType>1</ItemType>
      <ItemName>קבנוס מעודן 135 גרם</ItemName>
      <ManufacturerName>זוגלובק</ManufacturerName>
      <ManufactureCountry>IL</ManufactureCountry>
      <ManufacturerItemDescription>קבנוס מעודן</ManufacturerItemDescription>
      <UnitQty>גרמים</UnitQty>
      <Quantity>135.00</Quantity>
      <bIsWeighted>0</bIsWeighted>
      <UnitOfMeasure>100 גרם</UnitOfMeasure>
      <QtyInPackage>1</QtyInPackage>
      <ItemPrice>12.90</ItemPrice>
      <UnitOfMeasurePrice>9.56</UnitOfMeasurePrice>
      <AllowDiscount>1</AllowDiscount>
      <ItemStatus>1</ItemStatus>
    </Item>
    <Item>
      <PriceUpdateDate>2020-02-04 09:47</PriceUpdateDate>
      <ItemCode>7290012227974</ItemCode>
      <ItemType>1</ItemType>
      <ItemName>פסטרמה בדבש דק דק דק</ItemName>
      <ManufacturerName>זוגלובק</ManufacturerName>
      <ManufactureCountry>IL</ManufactureCountry>
      <ManufacturerItemDescription>פסטרמה בדבש דק</ManufacturerItemDescription>
      <UnitQty>גרמים</UnitQty>
      <Quantity>120.00</Quantity>
      <bIsWeighted>0</bIsWeighted>
      <UnitOfMeasure>100 גרם</UnitOfMeasure>
      <QtyInPackage>1</QtyInPackage>
      <ItemPrice>14.90</ItemPrice>
      <UnitOfMeasurePrice>12.42</UnitOfMeasurePrice>
      <AllowDiscount>1</AllowDiscount>
      <ItemStatus>1</ItemStatus>
    </Item>
    <Item>
      <PriceUpdateDate>2020-02-04 09:47</PriceUpdateDate>
      <ItemCode>7290012227981</ItemCode>
      <ItemType>1</ItemType>
      <ItemName>פסטרמה ברביקיו דק דק דק</ItemName>
      <ManufacturerName>זוגלובק</ManufacturerName>
      <ManufactureCountry>IL</ManufactureCountry>
      <ManufacturerItemDescription>פסטרמה ברביקיו</ManufacturerItemDescription>
      <UnitQty>גרמים</UnitQty>
      <Quantity>120.00</Quantity>
      <bIsWeighted>0</bIsWeighted>
      <UnitOfMeasure>100 גרם</UnitOfMeasure>
      <QtyInPackage>1</QtyInPackage>
      <ItemPrice>14.90</ItemPrice>
      <UnitOfMeasurePrice>12.42</UnitOfMeasurePrice>
      <AllowDiscount>1</AllowDiscount>
      <ItemStatus>1</ItemStatus>
    </Item>
    <Item>
      <PriceUpdateDate>2020-02-04 09:47</PriceUpdateDate>
      <ItemCode>7290012227998</ItemCode>
      <ItemType>1</ItemType>
      <ItemName>חזה בקר דק דק 120 גרם 12</ItemName>
      <ManufacturerName>זוגלובק</ManufacturerName>
      <ManufactureCountry>IL</ManufactureCountry>
      <ManufacturerItemDescription>חזה בקר דק דק</ManufacturerItemDescription>
      <UnitQty>גרמים</UnitQty>
      <Quantity>120.00</Quantity>
      <bIsWeighted>0</bIsWeighted>
      <UnitOfMeasure>100 גרם</UnitOfMeasure>
      <QtyInPackage>1</QtyInPackage>
      <ItemPrice>14.90</ItemPrice>
      <UnitOfMeasurePrice>12.42</UnitOfMeasurePrice>
      <AllowDiscount>1</AllowDiscount>
      <ItemStatus>1</ItemStatus>
    </Item>
    <Item>
      <PriceUpdateDate>2020-02-04 09:47</PriceUpdateDate>
      <ItemCode>7290012228230</ItemCode>
      <ItemType>1</ItemType>
      <ItemName>פסטרמה חזה עוף דק דק דק</ItemName>
      <ManufacturerName>זוגלובק</ManufacturerName>
      <ManufactureCountry>IL</ManufactureCountry>
      <ManufacturerItemDescription>פסטרמה חזה עוף</ManufacturerItemDescription>
      <UnitQty>גרמים</UnitQty>
      <Quantity>120.00</Quantity>
      <bIsWeighted>0</bIsWeighted>
      <UnitOfMeasure>100 גרם</UnitOfMeasure>
      <QtyInPackage>1</QtyInPackage>
      <ItemPrice>14.90</ItemPrice>
      <UnitOfMeasurePrice>12.42</UnitOfMeasurePrice>
      <AllowDiscount>1</AllowDiscount>
      <ItemStatus>1</ItemStatus>
    </Item>
    <Item>
      <PriceUpdateDate>2019-03-15 05:34</PriceUpdateDate>
      <ItemCode>7290012228261</ItemCode>
      <ItemType>1</ItemType>
      <ItemName>נקניקיות הודו פרמיום קנק</ItemName>
      <ManufacturerName>זוגלובק</ManufacturerName>
      <ManufactureCountry>IL</ManufactureCountry>
      <ManufacturerItemDescription>נקניקיות קנקרס ה</ManufacturerItemDescription>
      <UnitQty>גרמים</UnitQty>
      <Quantity>300.00</Quantity>
      <bIsWeighted>0</bIsWeighted>
      <UnitOfMeasure>100 גרם</UnitOfMeasure>
      <QtyInPackage>1</QtyInPackage>
      <ItemPrice>23.90</ItemPrice>
      <UnitOfMeasurePrice>7.97</UnitOfMeasurePrice>
      <AllowDiscount>1</AllowDiscount>
      <ItemStatus>1</ItemStatus>
    </Item>
    <Item>
      <PriceUpdateDate>2019-03-19 10:55</PriceUpdateDate>
      <ItemCode>7290012228278</ItemCode>
      <ItemType>1</ItemType>
      <ItemName>נקניקיות בוקוורסט הודו</ItemName>
      <ManufacturerName>זוגלובק</ManufacturerName>
      <ManufactureCountry>IL</ManufactureCountry>
      <ManufacturerItemDescription>נקניקיות הודו-בק</ManufacturerItemDescription>
      <UnitQty>גרמים</UnitQty>
      <Quantity>310.00</Quantity>
      <bIsWeighted>0</bIsWeighted>
      <UnitOfMeasure>100 גרם</UnitOfMeasure>
      <QtyInPackage>1</QtyInPackage>
      <ItemPrice>23.90</ItemPrice>
      <UnitOfMeasurePrice>7.71</UnitOfMeasurePrice>
      <AllowDiscount>1</AllowDiscount>
      <ItemStatus>1</ItemStatus>
    </Item>
    <Item>
      <PriceUpdateDate>2020-01-10 05:39</PriceUpdateDate>
      <ItemCode>7290012228858</ItemCode>
      <ItemType>1</ItemType>
      <ItemName>אקטיב פסטרמה הודו 125 גר</ItemName>
      <ManufacturerName>---</ManufacturerName>
      <ManufactureCountry>IL</ManufactureCountry>
      <ManufacturerItemDescription>אקטיב פסטרמה הוד</ManufacturerItemDescription>
      <UnitQty>גרמים</UnitQty>
      <Quantity>125.00</Quantity>
      <bIsWeighted>0</bIsWeighted>
      <UnitOfMeasure>100 גרם</UnitOfMeasure>
      <QtyInPackage>1</QtyInPackage>
      <ItemPrice>17.90</ItemPrice>
      <UnitOfMeasurePrice>14.32</UnitOfMeasurePrice>
      <AllowDiscount>1</AllowDiscount>
      <ItemStatus>1</ItemStatus>
    </Item>
    <Item>
      <PriceUpdateDate>2018-12-16 12:57</PriceUpdateDate>
      <ItemCode>7290012404146</ItemCode>
      <ItemType>1</ItemType>
      <ItemName>שוופס מוגז תפוחים1.5ל'</ItemName>
      <ManufacturerName>יפאורה תבורי בע"\מ</ManufacturerName>
      <ManufactureCountry>IL</ManufactureCountry>
      <ManufacturerItemDescription>שוופס תפוחים</ManufacturerItemDescription>
      <UnitQty>ליטרים</UnitQty>
      <Quantity>1.50</Quantity>
      <bIsWeighted>0</bIsWeighted>
      <UnitOfMeasure>ליטר</UnitOfMeasure>
      <QtyInPackage>0</QtyInPackage>
      <ItemPrice>7.20</ItemPrice>
      <UnitOfMeasurePrice>4.80</UnitOfMeasurePrice>
      <AllowDiscount>1</AllowDiscount>
      <ItemStatus>1</ItemStatus>
    </Item>
    <Item>
      <PriceUpdateDate>2018-12-16 12:57</PriceUpdateDate>
      <ItemCode>7290012404238</ItemCode>
      <ItemType>1</ItemType>
      <ItemName>שוופס ראש'ן 1.5 ליטר</ItemName>
      <ManufacturerName>יפאורה תבורי בע"\מ</ManufacturerName>
      <ManufactureCountry>IL</ManufactureCountry>
      <ManufacturerItemDescription>שוופס ראש'ן</ManufacturerItemDescription>
      <UnitQty>ליטרים</UnitQty>
      <Quantity>1.50</Quantity>
      <bIsWeighted>0</bIsWeighted>
      <UnitOfMeasure>ליטר</UnitOfMeasure>
      <QtyInPackage>0</QtyInPackage>
      <ItemPrice>10.30</ItemPrice>
      <UnitOfMeasurePrice>6.87</UnitOfMeasurePrice>
      <AllowDiscount>1</AllowDiscount>
      <ItemStatus>1</ItemStatus>
    </Item>
    <Item>
      <PriceUpdateDate>2019-08-13 08:20</PriceUpdateDate>
      <ItemCode>7290012404283</ItemCode>
      <ItemType>1</ItemType>
      <ItemName>תפוזינה מנגו עסיס 1.5 ל'</ItemName>
      <ManufacturerName>יפאורה תבורי בע"\מ</ManufacturerName>
      <ManufactureCountry>IL</ManufactureCountry>
      <ManufacturerItemDescription>תפוזינה מנגו</ManufacturerItemDescription>
      <UnitQty>ליטרים</UnitQty>
      <Quantity>1.50</Quantity>
      <bIsWeighted>0</bIsWeighted>
      <UnitOfMeasure>ליטר</UnitOfMeasure>
      <QtyInPackage>0</QtyInPackage>
      <ItemPrice>6.90</ItemPrice>
      <UnitOfMeasurePrice>4.60</UnitOfMeasurePrice>
      <AllowDiscount>1</AllowDiscount>
      <ItemStatus>1</ItemStatus>
    </Item>
    <Item>
      <PriceUpdateDate>2019-08-13 08:20</PriceUpdateDate>
      <ItemCode>7290012404320</ItemCode>
      <ItemType>1</ItemType>
      <ItemName>ספרינג ענבים 1.5 ליטר</ItemName>
      <ManufacturerName>יפאורה תבורי בע"\מ</ManufacturerName>
      <ManufactureCountry>IL</ManufactureCountry>
      <ManufacturerItemDescription>ספרינג ענבים</ManufacturerItemDescription>
      <UnitQty>ליטרים</UnitQty>
      <Quantity>1.50</Quantity>
      <bIsWeighted>0</bIsWeighted>
      <UnitOfMeasure>ליטר</UnitOfMeasure>
      <QtyInPackage>0</QtyInPackage>
      <ItemPrice>6.90</ItemPrice>
      <UnitOfMeasurePrice>4.60</UnitOfMeasurePrice>
      <AllowDiscount>1</AllowDiscount>
      <ItemStatus>1</ItemStatus>
    </Item>
    <Item>
      <PriceUpdateDate>2020-10-10 18:30</PriceUpdateDate>
      <ItemCode>7290012576614</ItemCode>
      <ItemType>1</ItemType>
      <ItemName>ריזלינג פרמייר 750 מ"ל</ItemName>
      <ManufacturerName>יקבי ברקן שיווק והפצה בע</ManufacturerName>
      <ManufactureCountry>IL</ManufactureCountry>
      <ManufacturerItemDescription>פרמייר ריזלינג</ManufacturerItemDescription>
      <UnitQty>מיליליטרים</UnitQty>
      <Quantity>750.00</Quantity>
      <bIsWeighted>0</bIsWeighted>
      <UnitOfMeasure>100 מ"ל</UnitOfMeasure>
      <QtyInPackage>0</QtyInPackage>
      <ItemPrice>21.90</ItemPrice>
      <UnitOfMeasurePrice>2.92</UnitOfMeasurePrice>
      <AllowDiscount>1</AllowDiscount>
      <ItemStatus>1</ItemStatus>
    </Item>
    <Item>
      <PriceUpdateDate>2019-05-21 00:54</PriceUpdateDate>
      <ItemCode>7290012708213</ItemCode>
      <ItemType>1</ItemType>
      <ItemName>תע' פ.יבשים עם גוגי ברי</ItemName>
      <ManufacturerName>י.ח בהאמס</ManufacturerName>
      <ManufactureCountry>IL</ManufactureCountry>
      <ManufacturerItemDescription>תע' פ.יבשים+גוגי</ManufacturerItemDescription>
      <UnitQty>גרמים</UnitQty>
      <Quantity>100.00</Quantity>
      <bIsWeighted>0</bIsWeighted>
      <UnitOfMeasure>100 גרם</UnitOfMeasure>
      <QtyInPackage>1</QtyInPackage>
      <ItemPrice>10.00</ItemPrice>
      <UnitOfMeasurePrice>10.00</UnitOfMeasurePrice>
      <AllowDiscount>1</AllowDiscount>
      <ItemStatus>1</ItemStatus>
    </Item>
    <Item>
      <PriceUpdateDate>2019-09-16 11:54</PriceUpdateDate>
      <ItemCode>7290012759017</ItemCode>
      <ItemType>1</ItemType>
      <ItemName>חטיף אנרגיה ממה</ItemName>
      <ManufacturerName />
      <ManufactureCountry>IL</ManufactureCountry>
      <ManufacturerItemDescription>חטיף אנרגיה ממה</ManufacturerItemDescription>
      <UnitQty>גרמים</UnitQty>
      <Quantity>50.00</Quantity>
      <bIsWeighted>0</bIsWeighted>
      <UnitOfMeasure>100 גרם</UnitOfMeasure>
      <QtyInPackage>0</QtyInPackage>
      <ItemPrice>7.50</ItemPrice>
      <UnitOfMeasurePrice>15.00</UnitOfMeasurePrice>
      <AllowDiscount>1</AllowDiscount>
      <ItemStatus>1</ItemStatus>
    </Item>
    <Item>
      <PriceUpdateDate>2019-09-16 11:54</PriceUpdateDate>
      <ItemCode>7290012759031</ItemCode>
      <ItemType>1</ItemType>
      <ItemName>חטיף אנרגיה ממה</ItemName>
      <ManufacturerName />
      <ManufactureCountry>IL</ManufactureCountry>
      <ManufacturerItemDescription>חטיף אנרגיה ממה</ManufacturerItemDescription>
      <UnitQty>גרמים</UnitQty>
      <Quantity>50.00</Quantity>
      <bIsWeighted>0</bIsWeighted>
      <UnitOfMeasure>100 גרם</UnitOfMeasure>
      <QtyInPackage>0</QtyInPackage>
      <ItemPrice>7.50</ItemPrice>
      <UnitOfMeasurePrice>15.00</UnitOfMeasurePrice>
      <AllowDiscount>1</AllowDiscount>
      <ItemStatus>1</ItemStatus>
    </Item>
    <Item>
      <PriceUpdateDate>2019-09-27 05:42</PriceUpdateDate>
      <ItemCode>7290012759277</ItemCode>
      <ItemType>1</ItemType>
      <ItemName>חטיף דגנים קקאו וציה30ג</ItemName>
      <ManufacturerName>כללי</ManufacturerName>
      <ManufactureCountry>IL</ManufactureCountry>
      <ManufacturerItemDescription>חטיף דגנים קקאו</ManufacturerItemDescription>
      <UnitQty>גרמים</UnitQty>
      <Quantity>30.00</Quantity>
      <bIsWeighted>0</bIsWeighted>
      <UnitOfMeasure>100 גרם</UnitOfMeasure>
      <QtyInPackage>1</QtyInPackage>
      <ItemPrice>7.50</ItemPrice>
      <UnitOfMeasurePrice>25.00</UnitOfMeasurePrice>
      <AllowDiscount>1</AllowDiscount>
      <ItemStatus>1</ItemStatus>
    </Item>
    <Item>
      <PriceUpdateDate>2019-09-27 05:42</PriceUpdateDate>
      <ItemCode>7290012759284</ItemCode>
      <ItemType>1</ItemType>
      <ItemName>חטיף דגנים עם קקאו 30 גר</ItemName>
      <ManufacturerName>כללי</ManufacturerName>
      <ManufactureCountry>IL</ManufactureCountry>
      <ManufacturerItemDescription>חטיף דגנים קקאו</ManufacturerItemDescription>
      <UnitQty>גרמים</UnitQty>
      <Quantity>30.00</Quantity>
      <bIsWeighted>0</bIsWeighted>
      <UnitOfMeasure>100 גרם</UnitOfMeasure>
      <QtyInPackage>1</QtyInPackage>
      <ItemPrice>7.50</ItemPrice>
      <UnitOfMeasurePrice>25.00</UnitOfMeasurePrice>
      <AllowDiscount>1</AllowDiscount>
      <ItemStatus>1</ItemStatus>
    </Item>
    <Item>
      <PriceUpdateDate>2019-09-27 05:42</PriceUpdateDate>
      <ItemCode>7290012759475</ItemCode>
      <ItemType>1</ItemType>
      <ItemName>חטיף קינואה אננס 30 גרם</ItemName>
      <ManufacturerName>כללי</ManufacturerName>
      <ManufactureCountry>IL</ManufactureCountry>
      <ManufacturerItemDescription>חטיף קינואה אננס</ManufacturerItemDescription>
      <UnitQty>גרמים</UnitQty>
      <Quantity>30.00</Quantity>
      <bIsWeighted>0</bIsWeighted>
      <UnitOfMeasure>100 גרם</UnitOfMeasure>
      <QtyInPackage>1</QtyInPackage>
      <ItemPrice>7.50</ItemPrice>
      <UnitOfMeasurePrice>25.00</UnitOfMeasurePrice>
      <AllowDiscount>1</AllowDiscount>
      <ItemStatus>1</ItemStatus>
    </Item>
    <Item>
      <PriceUpdateDate>2019-09-27 05:42</PriceUpdateDate>
      <ItemCode>7290012759673</ItemCode>
      <ItemType>1</ItemType>
      <ItemName>חטיף בראוניז 240גרם</ItemName>
      <ManufacturerName>כללי</ManufacturerName>
      <ManufactureCountry>IL</ManufactureCountry>
      <ManufacturerItemDescription>חטיף בראוניז</ManufacturerItemDescription>
      <UnitQty>גרמים</UnitQty>
      <Quantity>240.00</Quantity>
      <bIsWeighted>0</bIsWeighted>
      <UnitOfMeasure>100 גרם</UnitOfMeasure>
      <QtyInPackage>1</QtyInPackage>
      <ItemPrice>27.90</ItemPrice>
      <UnitOfMeasurePrice>11.63</UnitOfMeasurePrice>
      <AllowDiscount>1</AllowDiscount>
      <ItemStatus>1</ItemStatus>
    </Item>
    <Item>
      <PriceUpdateDate>2019-09-27 05:42</PriceUpdateDate>
      <ItemCode>7290012759710</ItemCode>
      <ItemType>1</ItemType>
      <ItemName>חטיף בראוניז אגוז מלך50ג</ItemName>
      <ManufacturerName>כללי</ManufacturerName>
      <ManufactureCountry>IL</ManufactureCountry>
      <ManufacturerItemDescription>חטיף בראוניז</ManufacturerItemDescription>
      <UnitQty>גרמים</UnitQty>
      <Quantity>50.00</Quantity>
      <bIsWeighted>0</bIsWeighted>
      <UnitOfMeasure>100 גרם</UnitOfMeasure>
      <QtyInPackage>1</QtyInPackage>
      <ItemPrice>8.50</ItemPrice>
      <UnitOfMeasurePrice>17.00</UnitOfMeasurePrice>
      <AllowDiscount>1</AllowDiscount>
      <ItemStatus>1</ItemStatus>
    </Item>
    <Item>
      <PriceUpdateDate>2019-09-27 05:42</PriceUpdateDate>
      <ItemCode>7290012759727</ItemCode>
      <ItemType>1</ItemType>
      <ItemName>חטיף בראוניז פקאן קקאו50</ItemName>
      <ManufacturerName>כללי</ManufacturerName>
      <ManufactureCountry>IL</ManufactureCountry>
      <ManufacturerItemDescription>חטיף בראוניז</ManufacturerItemDescription>
      <UnitQty>גרמים</UnitQty>
      <Quantity>50.00</Quantity>
      <bIsWeighted>0</bIsWeighted>
      <UnitOfMeasure>100 גרם</UnitOfMeasure>
      <QtyInPackage>1</QtyInPackage>
      <ItemPrice>8.50</ItemPrice>
      <UnitOfMeasurePrice>17.00</UnitOfMeasurePrice>
      <AllowDiscount>1</AllowDiscount>
      <ItemStatus>1</ItemStatus>
    </Item>
    <Item>
      <PriceUpdateDate>2019-09-27 05:42</PriceUpdateDate>
      <ItemCode>7290012759734</ItemCode>
      <ItemType>1</ItemType>
      <ItemName>חטיף בראוניז שחור&amp;לבן40ג</ItemName>
      <ManufacturerName>כללי</ManufacturerName>
      <ManufactureCountry>IL</ManufactureCountry>
      <ManufacturerItemDescription>חטיף בראוניז</ManufacturerItemDescription>
      <UnitQty>גרמים</UnitQty>
      <Quantity>40.00</Quantity>
      <bIsWeighted>0</bIsWeighted>
      <UnitOfMeasure>100 גרם</UnitOfMeasure>
      <QtyInPackage>1</QtyInPackage>
      <ItemPrice>8.50</ItemPrice>
      <UnitOfMeasurePrice>21.25</UnitOfMeasurePrice>
      <AllowDiscount>1</AllowDiscount>
      <ItemStatus>1</ItemStatus>
    </Item>
    <Item>
      <PriceUpdateDate>2020-08-04 16:29</PriceUpdateDate>
      <ItemCode>7290012803789</ItemCode>
      <ItemType>1</ItemType>
      <ItemName>שוק.מריר אגוז ללת"ס 100ג</ItemName>
      <ManufacturerName>אלטינמארקה</ManufacturerName>
      <ManufactureCountry>TR</ManufactureCountry>
      <ManufacturerItemDescription>שוקולד מריר אגוז</ManufacturerItemDescription>
      <UnitQty>גרמים</UnitQty>
      <Quantity>100.00</Quantity>
      <bIsWeighted>0</bIsWeighted>
      <UnitOfMeasure>100 גרם</UnitOfMeasure>
      <QtyInPackage>0</QtyInPackage>
      <ItemPrice>11.90</ItemPrice>
      <UnitOfMeasurePrice>11.90</UnitOfMeasurePrice>
      <AllowDiscount>1</AllowDiscount>
      <ItemStatus>1</ItemStatus>
    </Item>
    <Item>
      <PriceUpdateDate>2019-08-13 08:20</PriceUpdateDate>
      <ItemCode>7290012823602</ItemCode>
      <ItemType>1</ItemType>
      <ItemName>נייר טואלט סופט לבן 32גל</ItemName>
      <ManufacturerName>מפעלי ברונוס בעמ</ManufacturerName>
      <ManufactureCountry>IL</ManufactureCountry>
      <ManufacturerItemDescription>נ.טואלט סופט לבן</ManufacturerItemDescription>
      <UnitQty>מטרים</UnitQty>
      <Quantity>588.00</Quantity>
      <bIsWeighted>0</bIsWeighted>
      <UnitOfMeasure>100 מטר</UnitOfMeasure>
      <QtyInPackage>0</QtyInPackage>
      <ItemPrice>33.90</ItemPrice>
      <UnitOfMeasurePrice>5.77</UnitOfMeasurePrice>
      <AllowDiscount>1</AllowDiscount>
      <ItemStatus>1</ItemStatus>
    </Item>
    <Item>
      <PriceUpdateDate>2018-06-12 08:13</PriceUpdateDate>
      <ItemCode>7290013083661</ItemCode>
      <ItemType>1</ItemType>
      <ItemName>מטרנה אקסטרה קר שלב1 700</ItemName>
      <ManufacturerName>מטרנה תעשיות ש.מ</ManufacturerName>
      <ManufactureCountry>IL</ManufactureCountry>
      <ManufacturerItemDescription>מטרנה אקסטרה קר</ManufacturerItemDescription>
      <UnitQty>גרמים</UnitQty>
      <Quantity>700.00</Quantity>
      <bIsWeighted>0</bIsWeighted>
      <UnitOfMeasure>100 גרם</UnitOfMeasure>
      <QtyInPackage>0</QtyInPackage>
      <ItemPrice>61.90</ItemPrice>
      <UnitOfMeasurePrice>8.84</UnitOfMeasurePrice>
      <AllowDiscount>1</AllowDiscount>
      <ItemStatus>1</ItemStatus>
    </Item>
    <Item>
      <PriceUpdateDate>2015-09-30 08:01</PriceUpdateDate>
      <ItemCode>7290013117410</ItemCode>
      <ItemType>1</ItemType>
      <ItemName>בצק פריך מתוק 450X2 900</ItemName>
      <ManufacturerName>מעדנות בע"\מ</ManufacturerName>
      <ManufactureCountry>IL</ManufactureCountry>
      <ManufacturerItemDescription>בצק פריך</ManufacturerItemDescription>
      <UnitQty>גרמים</UnitQty>
      <Quantity>900.00</Quantity>
      <bIsWeighted>0</bIsWeighted>
      <UnitOfMeasure>100 גרם</UnitOfMeasure>
      <QtyInPackage>0</QtyInPackage>
      <ItemPrice>26.40</ItemPrice>
      <UnitOfMeasurePrice>2.93</UnitOfMeasurePrice>
      <AllowDiscount>1</AllowDiscount>
      <ItemStatus>1</ItemStatus>
    </Item>
    <Item>
      <PriceUpdateDate>2015-09-30 08:01</PriceUpdateDate>
      <ItemCode>7290013117427</ItemCode>
      <ItemType>1</ItemType>
      <ItemName>בצק פריך מלוח 450X2גרם 0</ItemName>
      <ManufacturerName>מעדנות בע"\מ</ManufacturerName>
      <ManufactureCountry>IL</ManufactureCountry>
      <ManufacturerItemDescription>בצק פריך</ManufacturerItemDescription>
      <UnitQty>גרמים</UnitQty>
      <Quantity>900.00</Quantity>
      <bIsWeighted>0</bIsWeighted>
      <UnitOfMeasure>100 גרם</UnitOfMeasure>
      <QtyInPackage>0</QtyInPackage>
      <ItemPrice>26.40</ItemPrice>
      <UnitOfMeasurePrice>2.93</UnitOfMeasurePrice>
      <AllowDiscount>1</AllowDiscount>
      <ItemStatus>1</ItemStatus>
    </Item>
    <Item>
      <PriceUpdateDate>2018-03-13 08:49</PriceUpdateDate>
      <ItemCode>7290013145390</ItemCode>
      <ItemType>1</ItemType>
      <ItemName>שוקולד צ'יפס 250 גרם</ItemName>
      <ManufacturerName>אינטרגטה</ManufacturerName>
      <ManufactureCountry>IL</ManufactureCountry>
      <ManufacturerItemDescription>שוקולד צ'יפס</ManufacturerItemDescription>
      <UnitQty>גרמים</UnitQty>
      <Quantity>250.00</Quantity>
      <bIsWeighted>0</bIsWeighted>
      <UnitOfMeasure>100 גרם</UnitOfMeasure>
      <QtyInPackage>0</QtyInPackage>
      <ItemPrice>10.00</ItemPrice>
      <UnitOfMeasurePrice>4.00</UnitOfMeasurePrice>
      <AllowDiscount>1</AllowDiscount>
      <ItemStatus>1</ItemStatus>
    </Item>
    <Item>
      <PriceUpdateDate>2015-09-30 08:11</PriceUpdateDate>
      <ItemCode>7290013153395</ItemCode>
      <ItemType>1</ItemType>
      <ItemName>פריגת סחוט רימונים 1ליטר</ItemName>
      <ManufacturerName>גת</ManufacturerName>
      <ManufactureCountry>IL</ManufactureCountry>
      <ManufacturerItemDescription>מיץ סחוט רימונים</ManufacturerItemDescription>
      <UnitQty>ליטרים</UnitQty>
      <Quantity>1.00</Quantity>
      <bIsWeighted>0</bIsWeighted>
      <UnitOfMeasure>ליטר</UnitOfMeasure>
      <QtyInPackage>1</QtyInPackage>
      <ItemPrice>21.70</ItemPrice>
      <UnitOfMeasurePrice>21.70</UnitOfMeasurePrice>
      <AllowDiscount>1</AllowDiscount>
      <ItemStatus>1</ItemStatus>
    </Item>
    <Item>
      <PriceUpdateDate>2017-04-18 06:40</PriceUpdateDate>
      <ItemCode>7290013153418</ItemCode>
      <ItemType>1</ItemType>
      <ItemName>מיץ סחוט לימון נענע 1 לי</ItemName>
      <ManufacturerName>גת</ManufacturerName>
      <ManufactureCountry>IL</ManufactureCountry>
      <ManufacturerItemDescription>מיץ לימון נענע</ManufacturerItemDescription>
      <UnitQty>ליטרים</UnitQty>
      <Quantity>1.00</Quantity>
      <bIsWeighted>0</bIsWeighted>
      <UnitOfMeasure>ליטר</UnitOfMeasure>
      <QtyInPackage>1</QtyInPackage>
      <ItemPrice>16.00</ItemPrice>
      <UnitOfMeasurePrice>16.00</UnitOfMeasurePrice>
      <AllowDiscount>1</AllowDiscount>
      <ItemStatus>1</ItemStatus>
    </Item>
    <Item>
      <PriceUpdateDate>2017-06-06 06:48</PriceUpdateDate>
      <ItemCode>7290013269263</ItemCode>
      <ItemType>1</ItemType>
      <ItemName>מקסימה ג'ל כביסה 3ליטר</ItemName>
      <ManufacturerName>סנו מפעלי ברונוס בעמ</ManufacturerName>
      <ManufactureCountry>IL</ManufactureCountry>
      <ManufacturerItemDescription>מקסימה ג'ל</ManufacturerItemDescription>
      <UnitQty>ליטרים</UnitQty>
      <Quantity>3.00</Quantity>
      <bIsWeighted>0</bIsWeighted>
      <UnitOfMeasure>ליטר</UnitOfMeasure>
      <QtyInPackage>0</QtyInPackage>
      <ItemPrice>35.60</ItemPrice>
      <UnitOfMeasurePrice>11.87</UnitOfMeasurePrice>
      <AllowDiscount>1</AllowDiscount>
      <ItemStatus>1</ItemStatus>
    </Item>
    <Item>
      <PriceUpdateDate>2016-02-02 06:49</PriceUpdateDate>
      <ItemCode>7290013284150</ItemCode>
      <ItemType>1</ItemType>
      <ItemName>מלפפונים במלח</ItemName>
      <ManufacturerName />
      <ManufactureCountry />
      <ManufacturerItemDescription>מלפפונים במלח</ManufacturerItemDescription>
      <UnitQty>גרמים</UnitQty>
      <Quantity>560.00</Quantity>
      <bIsWeighted>0</bIsWeighted>
      <UnitOfMeasure>100 גרם</UnitOfMeasure>
      <QtyInPackage>0</QtyInPackage>
      <ItemPrice>10.20</ItemPrice>
      <UnitOfMeasurePrice>1.82</UnitOfMeasurePrice>
      <AllowDiscount>1</AllowDiscount>
      <ItemStatus>1</ItemStatus>
    </Item>
    <Item>
      <PriceUpdateDate>2020-04-22 11:50</PriceUpdateDate>
      <ItemCode>7290013585233</ItemCode>
      <ItemType>1</ItemType>
      <ItemName>ספרייט זירו 330 מ"ל</ItemName>
      <ManufacturerName>קוקה קולה</ManufacturerName>
      <ManufactureCountry>IL</ManufactureCountry>
      <ManufacturerItemDescription>ספרייט זירו</ManufacturerItemDescription>
      <UnitQty>מיליליטרים</UnitQty>
      <Quantity>330.00</Quantity>
      <bIsWeighted>0</bIsWeighted>
      <UnitOfMeasure>100 מ"ל</UnitOfMeasure>
      <QtyInPackage>1</QtyInPackage>
      <ItemPrice>6.10</ItemPrice>
      <UnitOfMeasurePrice>1.85</UnitOfMeasurePrice>
      <AllowDiscount>1</AllowDiscount>
      <ItemStatus>1</ItemStatus>
    </Item>
    <Item>
      <PriceUpdateDate>2015-11-10 13:22</PriceUpdateDate>
      <ItemCode>7290013585240</ItemCode>
      <ItemType>1</ItemType>
      <ItemName>ספרייט זירו 1.5 ליטר</ItemName>
      <ManufacturerName>החברה המרכזית לייצור משק</ManufacturerName>
      <ManufactureCountry>IL</ManufactureCountry>
      <ManufacturerItemDescription>ספרייט זירו</ManufacturerItemDescription>
      <UnitQty>ליטרים</UnitQty>
      <Quantity>1.50</Quantity>
      <bIsWeighted>0</bIsWeighted>
      <UnitOfMeasure>ליטר</UnitOfMeasure>
      <QtyInPackage>1</QtyInPackage>
      <ItemPrice>6.90</ItemPrice>
      <UnitOfMeasurePrice>4.60</UnitOfMeasurePrice>
      <AllowDiscount>1</AllowDiscount>
      <ItemStatus>1</ItemStatus>
    </Item>
    <Item>
      <PriceUpdateDate>2018-11-29 10:11</PriceUpdateDate>
      <ItemCode>7290013585387</ItemCode>
      <ItemType>1</ItemType>
      <ItemName>קולה זירו 1 ליטר</ItemName>
      <ManufacturerName>החברה המרכזית לייצור משק</ManufacturerName>
      <ManufactureCountry>IL</ManufactureCountry>
      <ManufacturerItemDescription>קולה זירו</ManufacturerItemDescription>
      <UnitQty>ליטרים</UnitQty>
      <Quantity>1.00</Quantity>
      <bIsWeighted>0</bIsWeighted>
      <UnitOfMeasure>ליטר</UnitOfMeasure>
      <QtyInPackage>1</QtyInPackage>
      <ItemPrice>6.20</ItemPrice>
      <UnitOfMeasurePrice>6.20</UnitOfMeasurePrice>
      <AllowDiscount>1</AllowDiscount>
      <ItemStatus>1</ItemStatus>
    </Item>
    <Item>
      <PriceUpdateDate>2018-11-29 10:11</PriceUpdateDate>
      <ItemCode>7290013585394</ItemCode>
      <ItemType>1</ItemType>
      <ItemName>קוקה קולה 1 ליטר</ItemName>
      <ManufacturerName>החברה המרכזית לייצור משק</ManufacturerName>
      <ManufactureCountry>IL</ManufactureCountry>
      <ManufacturerItemDescription>קוקה קולה</ManufacturerItemDescription>
      <UnitQty>ליטרים</UnitQty>
      <Quantity>1.00</Quantity>
      <bIsWeighted>0</bIsWeighted>
      <UnitOfMeasure>ליטר</UnitOfMeasure>
      <QtyInPackage>1</QtyInPackage>
      <ItemPrice>6.20</ItemPrice>
      <UnitOfMeasurePrice>6.20</UnitOfMeasurePrice>
      <AllowDiscount>1</AllowDiscount>
      <ItemStatus>1</ItemStatus>
    </Item>
    <Item>
      <PriceUpdateDate>2017-03-14 06:47</PriceUpdateDate>
      <ItemCode>7290013608260</ItemCode>
      <ItemType>1</ItemType>
      <ItemName>מיץ רימונים סחוט טרי 1ל'</ItemName>
      <ManufacturerName>גניר</ManufacturerName>
      <ManufactureCountry>IL</ManufactureCountry>
      <ManufacturerItemDescription>מיץ רימונים</ManufacturerItemDescription>
      <UnitQty>ליטרים</UnitQty>
      <Quantity>1.00</Quantity>
      <bIsWeighted>0</bIsWeighted>
      <UnitOfMeasure>ליטר</UnitOfMeasure>
      <QtyInPackage>0</QtyInPackage>
      <ItemPrice>25.80</ItemPrice>
      <UnitOfMeasurePrice>25.80</UnitOfMeasurePrice>
      <AllowDiscount>1</AllowDiscount>
      <ItemStatus>1</ItemStatus>
    </Item>
    <Item>
      <PriceUpdateDate>2020-10-10 18:30</PriceUpdateDate>
      <ItemCode>7290013683595</ItemCode>
      <ItemType>1</ItemType>
      <ItemName>עוגת פס שביל החלב 600 גר</ItemName>
      <ManufacturerName>גידרון</ManufacturerName>
      <ManufactureCountry>IL</ManufactureCountry>
      <ManufacturerItemDescription>עוגת פס שביל חלב</ManufacturerItemDescription>
      <UnitQty>גרמים</UnitQty>
      <Quantity>600.00</Quantity>
      <bIsWeighted>0</bIsWeighted>
      <UnitOfMeasure>100 גרם</UnitOfMeasure>
      <QtyInPackage>0</QtyInPackage>
      <ItemPrice>39.90</ItemPrice>
      <UnitOfMeasurePrice>6.65</UnitOfMeasurePrice>
      <AllowDiscount>1</AllowDiscount>
      <ItemStatus>1</ItemStatus>
    </Item>
    <Item>
      <PriceUpdateDate>2018-12-16 12:57</PriceUpdateDate>
      <ItemCode>7290013702029</ItemCode>
      <ItemType>1</ItemType>
      <ItemName>שוופס מים טעם אפרסק 1.5ל</ItemName>
      <ManufacturerName>יפאורה תבורי בעמ</ManufacturerName>
      <ManufactureCountry>IL</ManufactureCountry>
      <ManufacturerItemDescription>שוופס מים אפרסק</ManufacturerItemDescription>
      <UnitQty>ליטרים</UnitQty>
      <Quantity>1.50</Quantity>
      <bIsWeighted>0</bIsWeighted>
      <UnitOfMeasure>ליטר</UnitOfMeasure>
      <QtyInPackage>0</QtyInPackage>
      <ItemPrice>7.40</ItemPrice>
      <UnitOfMeasurePrice>4.93</UnitOfMeasurePrice>
      <AllowDiscount>1</AllowDiscount>
      <ItemStatus>1</ItemStatus>
    </Item>
    <Item>
      <PriceUpdateDate>2018-12-16 12:57</PriceUpdateDate>
      <ItemCode>7290013702036</ItemCode>
      <ItemType>1</ItemType>
      <ItemName>שוופס מים ט.אפרסק 500 מל</ItemName>
      <ManufacturerName>יפאורה תבורי בעמ</ManufacturerName>
      <ManufactureCountry>IL</ManufactureCountry>
      <ManufacturerItemDescription>שוופס מים אפרסק</ManufacturerItemDescription>
      <UnitQty>מיליליטרים</UnitQty>
      <Quantity>500.00</Quantity>
      <bIsWeighted>0</bIsWeighted>
      <UnitOfMeasure>100 מ"ל</UnitOfMeasure>
      <QtyInPackage>0</QtyInPackage>
      <ItemPrice>5.50</ItemPrice>
      <UnitOfMeasurePrice>1.10</UnitOfMeasurePrice>
      <AllowDiscount>1</AllowDiscount>
      <ItemStatus>1</ItemStatus>
    </Item>
    <Item>
      <PriceUpdateDate>2018-12-16 12:57</PriceUpdateDate>
      <ItemCode>7290013702043</ItemCode>
      <ItemType>1</ItemType>
      <ItemName>שוופס מים טעם ענבים 1.5ל</ItemName>
      <ManufacturerName>יפאורה תבורי בעמ</ManufacturerName>
      <ManufactureCountry>IL</ManufactureCountry>
      <ManufacturerItemDescription>מים בטעם ענבים</ManufacturerItemDescription>
      <UnitQty>ליטרים</UnitQty>
      <Quantity>1.50</Quantity>
      <bIsWeighted>0</bIsWeighted>
      <UnitOfMeasure>ליטר</UnitOfMeasure>
      <QtyInPackage>0</QtyInPackage>
      <ItemPrice>7.40</ItemPrice>
      <UnitOfMeasurePrice>4.93</UnitOfMeasurePrice>
      <AllowDiscount>1</AllowDiscount>
      <ItemStatus>1</ItemStatus>
    </Item>
    <Item>
      <PriceUpdateDate>2018-12-16 12:57</PriceUpdateDate>
      <ItemCode>7290013702371</ItemCode>
      <ItemType>1</ItemType>
      <ItemName>שוופס מים בטעם תפוח 1.5ל</ItemName>
      <ManufacturerName>יפאורה תבורי בעמ</ManufacturerName>
      <ManufactureCountry>IL</ManufactureCountry>
      <ManufacturerItemDescription>שוופס מים תפוח</ManufacturerItemDescription>
      <UnitQty>ליטרים</UnitQty>
      <Quantity>1.50</Quantity>
      <bIsWeighted>0</bIsWeighted>
      <UnitOfMeasure>ליטר</UnitOfMeasure>
      <QtyInPackage>0</QtyInPackage>
      <ItemPrice>7.40</ItemPrice>
      <UnitOfMeasurePrice>4.93</UnitOfMeasurePrice>
      <AllowDiscount>1</AllowDiscount>
      <ItemStatus>1</ItemStatus>
    </Item>
    <Item>
      <PriceUpdateDate>2018-12-16 12:57</PriceUpdateDate>
      <ItemCode>7290013702388</ItemCode>
      <ItemType>1</ItemType>
      <ItemName>שוופס מים ט.תפוח 500 מ"ל</ItemName>
      <ManufacturerName>יפאורה תבורי בעמ</ManufacturerName>
      <ManufactureCountry>IL</ManufactureCountry>
      <ManufacturerItemDescription>שוופס מים תפוח</ManufacturerItemDescription>
      <UnitQty>מיליליטרים</UnitQty>
      <Quantity>500.00</Quantity>
      <bIsWeighted>0</bIsWeighted>
      <UnitOfMeasure>100 מ"ל</UnitOfMeasure>
      <QtyInPackage>0</QtyInPackage>
      <ItemPrice>5.50</ItemPrice>
      <UnitOfMeasurePrice>1.10</UnitOfMeasurePrice>
      <AllowDiscount>1</AllowDiscount>
      <ItemStatus>1</ItemStatus>
    </Item>
    <Item>
      <PriceUpdateDate>2018-12-16 12:57</PriceUpdateDate>
      <ItemCode>7290013702463</ItemCode>
      <ItemType>1</ItemType>
      <ItemName>שוופס מוגז למונייד 1.5 ל</ItemName>
      <ManufacturerName>יפאורה תבורי בע"\מ</ManufacturerName>
      <ManufactureCountry>IL</ManufactureCountry>
      <ManufacturerItemDescription>שוופס למונייד</ManufacturerItemDescription>
      <UnitQty>ליטרים</UnitQty>
      <Quantity>1.50</Quantity>
      <bIsWeighted>0</bIsWeighted>
      <UnitOfMeasure>ליטר</UnitOfMeasure>
      <QtyInPackage>0</QtyInPackage>
      <ItemPrice>7.20</ItemPrice>
      <UnitOfMeasurePrice>4.80</UnitOfMeasurePrice>
      <AllowDiscount>1</AllowDiscount>
      <ItemStatus>1</ItemStatus>
    </Item>
    <Item>
      <PriceUpdateDate>2018-12-16 12:57</PriceUpdateDate>
      <ItemCode>7290013702555</ItemCode>
      <ItemType>1</ItemType>
      <ItemName>שוופס מוגז עדין אננס1.5ל</ItemName>
      <ManufacturerName>יפאורה תבורי בעמ</ManufacturerName>
      <ManufactureCountry>IL</ManufactureCountry>
      <ManufacturerItemDescription>שוופס מוגז עדין</ManufacturerItemDescription>
      <UnitQty>ליטרים</UnitQty>
      <Quantity>1.50</Quantity>
      <bIsWeighted>0</bIsWeighted>
      <UnitOfMeasure>ליטר</UnitOfMeasure>
      <QtyInPackage>0</QtyInPackage>
      <ItemPrice>7.10</ItemPrice>
      <UnitOfMeasurePrice>4.73</UnitOfMeasurePrice>
      <AllowDiscount>1</AllowDiscount>
      <ItemStatus>1</ItemStatus>
    </Item>
    <Item>
      <PriceUpdateDate>2020-04-24 05:36</PriceUpdateDate>
      <ItemCode>7290013816146</ItemCode>
      <ItemType>1</ItemType>
      <ItemName>פולי קקאו מצופים 100 גרם</ItemName>
      <ManufacturerName>הולי קקאו</ManufacturerName>
      <ManufactureCountry>IL</ManufactureCountry>
      <ManufacturerItemDescription>פולי קקאו מצופים</ManufacturerItemDescription>
      <UnitQty>גרמים</UnitQty>
      <Quantity>100.00</Quantity>
      <bIsWeighted>0</bIsWeighted>
      <UnitOfMeasure>100 גרם</UnitOfMeasure>
      <QtyInPackage>1</QtyInPackage>
      <ItemPrice>19.90</ItemPrice>
      <UnitOfMeasurePrice>19.90</UnitOfMeasurePrice>
      <AllowDiscount>1</AllowDiscount>
      <ItemStatus>1</ItemStatus>
    </Item>
    <Item>
      <PriceUpdateDate>2020-04-24 05:36</PriceUpdateDate>
      <ItemCode>7290013816177</ItemCode>
      <ItemType>1</ItemType>
      <ItemName>שבבי פולי קקאו מצופה100ג</ItemName>
      <ManufacturerName>הולי קקאו</ManufacturerName>
      <ManufactureCountry>IL</ManufactureCountry>
      <ManufacturerItemDescription>שבבי פולי קקאו</ManufacturerItemDescription>
      <UnitQty>גרמים</UnitQty>
      <Quantity>100.00</Quantity>
      <bIsWeighted>0</bIsWeighted>
      <UnitOfMeasure>100 גרם</UnitOfMeasure>
      <QtyInPackage>1</QtyInPackage>
      <ItemPrice>19.90</ItemPrice>
      <UnitOfMeasurePrice>19.90</UnitOfMeasurePrice>
      <AllowDiscount>1</AllowDiscount>
      <ItemStatus>1</ItemStatus>
    </Item>
    <Item>
      <PriceUpdateDate>2020-10-10 18:30</PriceUpdateDate>
      <ItemCode>7290013847102</ItemCode>
      <ItemType>1</ItemType>
      <ItemName>טונה סטארקיסט 3 * 80 גרם</ItemName>
      <ManufacturerName>סטארקיסט</ManufacturerName>
      <ManufactureCountry>IL</ManufactureCountry>
      <ManufacturerItemDescription>טונה סטארקיסט3יח</ManufacturerItemDescription>
      <UnitQty>גרמים</UnitQty>
      <Quantity>240.00</Quantity>
      <bIsWeighted>0</bIsWeighted>
      <UnitOfMeasure>100 גרם</UnitOfMeasure>
      <QtyInPackage>0</QtyInPackage>
      <ItemPrice>10.90</ItemPrice>
      <UnitOfMeasurePrice>4.54</UnitOfMeasurePrice>
      <AllowDiscount>1</AllowDiscount>
      <ItemStatus>1</ItemStatus>
    </Item>
    <Item>
      <PriceUpdateDate>2020-10-10 18:30</PriceUpdateDate>
      <ItemCode>7290013861986</ItemCode>
      <ItemType>1</ItemType>
      <ItemName>אגוז קשיו קלוי 200גרם</ItemName>
      <ManufacturerName>שקדיה</ManufacturerName>
      <ManufactureCountry>IL</ManufactureCountry>
      <ManufacturerItemDescription>קשיו קלוי</ManufacturerItemDescription>
      <UnitQty>גרמים</UnitQty>
      <Quantity>200.00</Quantity>
      <bIsWeighted>0</bIsWeighted>
      <UnitOfMeasure>100 גרם</UnitOfMeasure>
      <QtyInPackage>0</QtyInPackage>
      <ItemPrice>19.90</ItemPrice>
      <UnitOfMeasurePrice>9.95</UnitOfMeasurePrice>
      <AllowDiscount>1</AllowDiscount>
      <ItemStatus>1</ItemStatus>
    </Item>
    <Item>
      <PriceUpdateDate>2020-08-04 16:29</PriceUpdateDate>
      <ItemCode>7290014256637</ItemCode>
      <ItemType>1</ItemType>
      <ItemName>מוסקטו מבעבע באזז 750 מל</ItemName>
      <ManufacturerName>יקבי כרמל</ManufacturerName>
      <ManufactureCountry>IL</ManufactureCountry>
      <ManufacturerItemDescription>מוסקטו באזז</ManufacturerItemDescription>
      <UnitQty>מיליליטרים</UnitQty>
      <Quantity>750.00</Quantity>
      <bIsWeighted>0</bIsWeighted>
      <UnitOfMeasure>100 מ"ל</UnitOfMeasure>
      <QtyInPackage>0</QtyInPackage>
      <ItemPrice>27.90</ItemPrice>
      <UnitOfMeasurePrice>3.72</UnitOfMeasurePrice>
      <AllowDiscount>1</AllowDiscount>
      <ItemStatus>1</ItemStatus>
    </Item>
    <Item>
      <PriceUpdateDate>2018-11-09 10:26</PriceUpdateDate>
      <ItemCode>7290014455467</ItemCode>
      <ItemType>1</ItemType>
      <ItemName>מעדן שיבולת שועל 150 גרם</ItemName>
      <ManufacturerName>מחלבות גד</ManufacturerName>
      <ManufactureCountry>IL</ManufactureCountry>
      <ManufacturerItemDescription>מעדן שיבולת שועל</ManufacturerItemDescription>
      <UnitQty>גרמים</UnitQty>
      <Quantity>150.00</Quantity>
      <bIsWeighted>0</bIsWeighted>
      <UnitOfMeasure>100 גרם</UnitOfMeasure>
      <QtyInPackage>1</QtyInPackage>
      <ItemPrice>6.00</ItemPrice>
      <UnitOfMeasurePrice>4.00</UnitOfMeasurePrice>
      <AllowDiscount>1</AllowDiscount>
      <ItemStatus>1</ItemStatus>
    </Item>
    <Item>
      <PriceUpdateDate>2018-03-06 07:31</PriceUpdateDate>
      <ItemCode>7290014683648</ItemCode>
      <ItemType>1</ItemType>
      <ItemName>פס עוגת שוקולד 500 גרם</ItemName>
      <ManufacturerName>גידרון</ManufacturerName>
      <ManufactureCountry>IL</ManufactureCountry>
      <ManufacturerItemDescription>פס עוגת שוקולד</ManufacturerItemDescription>
      <UnitQty>גרמים</UnitQty>
      <Quantity>500.00</Quantity>
      <bIsWeighted>0</bIsWeighted>
      <UnitOfMeasure>100 גרם</UnitOfMeasure>
      <QtyInPackage>0</QtyInPackage>
      <ItemPrice>29.90</ItemPrice>
      <UnitOfMeasurePrice>5.98</UnitOfMeasurePrice>
      <AllowDiscount>1</AllowDiscount>
      <ItemStatus>1</ItemStatus>
    </Item>
    <Item>
      <PriceUpdateDate>2018-09-12 14:25</PriceUpdateDate>
      <ItemCode>7290014758117</ItemCode>
      <ItemType>1</ItemType>
      <ItemName>יוגורט ביו 8 יח</ItemName>
      <ManufacturerName />
      <ManufactureCountry>IL</ManufactureCountry>
      <ManufacturerItemDescription>יוגורט ביו 8 יח</ManufacturerItemDescription>
      <UnitQty>קילוגרמים</UnitQty>
      <Quantity>1.20</Quantity>
      <bIsWeighted>0</bIsWeighted>
      <UnitOfMeasure>ק"ג</UnitOfMeasure>
      <QtyInPackage>0</QtyInPackage>
      <ItemPrice>17.30</ItemPrice>
      <UnitOfMeasurePrice>14.42</UnitOfMeasurePrice>
      <AllowDiscount>1</AllowDiscount>
      <ItemStatus>1</ItemStatus>
    </Item>
    <Item>
      <PriceUpdateDate>2016-02-29 07:57</PriceUpdateDate>
      <ItemCode>7290014758681</ItemCode>
      <ItemType>1</ItemType>
      <ItemName>קוטג 1% שומן</ItemName>
      <ManufacturerName />
      <ManufactureCountry>IL</ManufactureCountry>
      <ManufacturerItemDescription>קוטג 1% שומן</ManufacturerItemDescription>
      <UnitQty>גרמים</UnitQty>
      <Quantity>250.00</Quantity>
      <bIsWeighted>0</bIsWeighted>
      <UnitOfMeasure>100 גרם</UnitOfMeasure>
      <QtyInPackage>0</QtyInPackage>
      <ItemPrice>5.70</ItemPrice>
      <UnitOfMeasurePrice>2.28</UnitOfMeasurePrice>
      <AllowDiscount>1</AllowDiscount>
      <ItemStatus>1</ItemStatus>
    </Item>
    <Item>
      <PriceUpdateDate>2018-09-12 14:25</PriceUpdateDate>
      <ItemCode>7290014759084</ItemCode>
      <ItemType>1</ItemType>
      <ItemName>גבינת נפוליאון</ItemName>
      <ManufacturerName />
      <ManufactureCountry>IL</ManufactureCountry>
      <ManufacturerItemDescription>גבינת נפוליאון</ManufacturerItemDescription>
      <UnitQty>גרמים</UnitQty>
      <Quantity>225.00</Quantity>
      <bIsWeighted>0</bIsWeighted>
      <UnitOfMeasure>100 גרם</UnitOfMeasure>
      <QtyInPackage>0</QtyInPackage>
      <ItemPrice>15.00</ItemPrice>
      <UnitOfMeasurePrice>6.67</UnitOfMeasurePrice>
      <AllowDiscount>1</AllowDiscount>
      <ItemStatus>1</ItemStatus>
    </Item>
    <Item>
      <PriceUpdateDate>2018-11-09 10:26</PriceUpdateDate>
      <ItemCode>7290014759442</ItemCode>
      <ItemType>1</ItemType>
      <ItemName>משקה יופלה תות בננה 250ג</ItemName>
      <ManufacturerName>תנובה בע"\מ</ManufacturerName>
      <ManufactureCountry>IL</ManufactureCountry>
      <ManufacturerItemDescription>משקה יופלה</ManufacturerItemDescription>
      <UnitQty>גרמים</UnitQty>
      <Quantity>250.00</Quantity>
      <bIsWeighted>0</bIsWeighted>
      <UnitOfMeasure>100 גרם</UnitOfMeasure>
      <QtyInPackage>0</QtyInPackage>
      <ItemPrice>6.00</ItemPrice>
      <UnitOfMeasurePrice>2.40</UnitOfMeasurePrice>
      <AllowDiscount>1</AllowDiscount>
      <ItemStatus>1</ItemStatus>
    </Item>
    <Item>
      <PriceUpdateDate>2018-09-12 14:25</PriceUpdateDate>
      <ItemCode>7290014759978</ItemCode>
      <ItemType>1</ItemType>
      <ItemName>קולאז' קצ'קבל/גלעד 200ג</ItemName>
      <ManufacturerName>תנובה</ManufacturerName>
      <ManufactureCountry>IL</ManufactureCountry>
      <ManufacturerItemDescription>קולאז' קצ'קבל</ManufacturerItemDescription>
      <UnitQty>גרמים</UnitQty>
      <Quantity>200.00</Quantity>
      <bIsWeighted>0</bIsWeighted>
      <UnitOfMeasure>100 גרם</UnitOfMeasure>
      <QtyInPackage>0</QtyInPackage>
      <ItemPrice>28.50</ItemPrice>
      <UnitOfMeasurePrice>14.25</UnitOfMeasurePrice>
      <AllowDiscount>1</AllowDiscount>
      <ItemStatus>1</ItemStatus>
    </Item>
    <Item>
      <PriceUpdateDate>2018-09-12 14:25</PriceUpdateDate>
      <ItemCode>7290014759985</ItemCode>
      <ItemType>1</ItemType>
      <ItemName>קולאז' פרמזן / גבע 200 ג</ItemName>
      <ManufacturerName>תנובה</ManufacturerName>
      <ManufactureCountry>IL</ManufactureCountry>
      <ManufacturerItemDescription>קולאז' פרמזן</ManufacturerItemDescription>
      <UnitQty>גרמים</UnitQty>
      <Quantity>200.00</Quantity>
      <bIsWeighted>0</bIsWeighted>
      <UnitOfMeasure>100 גרם</UnitOfMeasure>
      <QtyInPackage>0</QtyInPackage>
      <ItemPrice>27.50</ItemPrice>
      <UnitOfMeasurePrice>13.75</UnitOfMeasurePrice>
      <AllowDiscount>1</AllowDiscount>
      <ItemStatus>1</ItemStatus>
    </Item>
    <Item>
      <PriceUpdateDate>2018-09-12 14:25</PriceUpdateDate>
      <ItemCode>7290014759992</ItemCode>
      <ItemType>1</ItemType>
      <ItemName>רוקפור גליל26% כבשים140ג</ItemName>
      <ManufacturerName>תנובה</ManufacturerName>
      <ManufactureCountry>IL</ManufactureCountry>
      <ManufacturerItemDescription>קולאז' רוקפור</ManufacturerItemDescription>
      <UnitQty>גרמים</UnitQty>
      <Quantity>140.00</Quantity>
      <bIsWeighted>0</bIsWeighted>
      <UnitOfMeasure>100 גרם</UnitOfMeasure>
      <QtyInPackage>0</QtyInPackage>
      <ItemPrice>20.00</ItemPrice>
      <UnitOfMeasurePrice>14.29</UnitOfMeasurePrice>
      <AllowDiscount>1</AllowDiscount>
      <ItemStatus>1</ItemStatus>
    </Item>
    <Item>
      <PriceUpdateDate>2018-01-16 08:32</PriceUpdateDate>
      <ItemCode>7290014760134</ItemCode>
      <ItemType>1</ItemType>
      <ItemName>מעדן סויה בטעם וניל 125ג</ItemName>
      <ManufacturerName>---</ManufacturerName>
      <ManufactureCountry>IL</ManufactureCountry>
      <ManufacturerItemDescription>מעדן סויה וניל</ManufacturerItemDescription>
      <UnitQty>גרמים</UnitQty>
      <Quantity>125.00</Quantity>
      <bIsWeighted>0</bIsWeighted>
      <UnitOfMeasure>100 גרם</UnitOfMeasure>
      <QtyInPackage>1</QtyInPackage>
      <ItemPrice>4.70</ItemPrice>
      <UnitOfMeasurePrice>3.76</UnitOfMeasurePrice>
      <AllowDiscount>1</AllowDiscount>
      <ItemStatus>1</ItemStatus>
    </Item>
    <Item>
      <PriceUpdateDate>2015-09-30 08:16</PriceUpdateDate>
      <ItemCode>7290014760141</ItemCode>
      <ItemType>1</ItemType>
      <ItemName>משקה שקדים טרי 1 ליטר</ItemName>
      <ManufacturerName>סוי מג'יק</ManufacturerName>
      <ManufactureCountry>IL</ManufactureCountry>
      <ManufacturerItemDescription>משקה שקדים</ManufacturerItemDescription>
      <UnitQty>ליטרים</UnitQty>
      <Quantity>1.00</Quantity>
      <bIsWeighted>0</bIsWeighted>
      <UnitOfMeasure>ליטר</UnitOfMeasure>
      <QtyInPackage>1</QtyInPackage>
      <ItemPrice>14.80</ItemPrice>
      <UnitOfMeasurePrice>14.80</UnitOfMeasurePrice>
      <AllowDiscount>1</AllowDiscount>
      <ItemStatus>1</ItemStatus>
    </Item>
    <Item>
      <PriceUpdateDate>2018-09-12 14:25</PriceUpdateDate>
      <ItemCode>7290014761056</ItemCode>
      <ItemType>1</ItemType>
      <ItemName>יולו שוקולד חלב</ItemName>
      <ManufacturerName />
      <ManufactureCountry>IL</ManufactureCountry>
      <ManufacturerItemDescription>יולו שוקולד חלב</ManufacturerItemDescription>
      <UnitQty>גרמים</UnitQty>
      <Quantity>123.00</Quantity>
      <bIsWeighted>0</bIsWeighted>
      <UnitOfMeasure>100 גרם</UnitOfMeasure>
      <QtyInPackage>0</QtyInPackage>
      <ItemPrice>5.00</ItemPrice>
      <UnitOfMeasurePrice>4.07</UnitOfMeasurePrice>
      <AllowDiscount>1</AllowDiscount>
      <ItemStatus>1</ItemStatus>
    </Item>
    <Item>
      <PriceUpdateDate>2018-09-12 14:25</PriceUpdateDate>
      <ItemCode>7290014761070</ItemCode>
      <ItemType>1</ItemType>
      <ItemName>יולו שוקולד לבן</ItemName>
      <ManufacturerName />
      <ManufactureCountry>IL</ManufactureCountry>
      <ManufacturerItemDescription>יולו שוקולד לבן</ManufacturerItemDescription>
      <UnitQty>גרמים</UnitQty>
      <Quantity>123.00</Quantity>
      <bIsWeighted>0</bIsWeighted>
      <UnitOfMeasure>100 גרם</UnitOfMeasure>
      <QtyInPackage>0</QtyInPackage>
      <ItemPrice>5.00</ItemPrice>
      <UnitOfMeasurePrice>4.07</UnitOfMeasurePrice>
      <AllowDiscount>1</AllowDiscount>
      <ItemStatus>1</ItemStatus>
    </Item>
    <Item>
      <PriceUpdateDate>2018-09-12 14:25</PriceUpdateDate>
      <ItemCode>7290014761193</ItemCode>
      <ItemType>1</ItemType>
      <ItemName>פרילי פירות יער 125 גרם</ItemName>
      <ManufacturerName>מחלבת אלון תבור</ManufacturerName>
      <ManufactureCountry>IL</ManufactureCountry>
      <ManufacturerItemDescription>פרילי פירות יער</ManufacturerItemDescription>
      <UnitQty>גרמים</UnitQty>
      <Quantity>125.00</Quantity>
      <bIsWeighted>0</bIsWeighted>
      <UnitOfMeasure>100 גרם</UnitOfMeasure>
      <QtyInPackage>0</QtyInPackage>
      <ItemPrice>3.70</ItemPrice>
      <UnitOfMeasurePrice>2.96</UnitOfMeasurePrice>
      <AllowDiscount>1</AllowDiscount>
      <ItemStatus>1</ItemStatus>
    </Item>
    <Item>
      <PriceUpdateDate>2018-09-12 14:25</PriceUpdateDate>
      <ItemCode>7290014761414</ItemCode>
      <ItemType>1</ItemType>
      <ItemName>יולו שכבות שוקו.</ItemName>
      <ManufacturerName />
      <ManufactureCountry>IL</ManufactureCountry>
      <ManufacturerItemDescription>יולו שכבות שוקו.</ManufacturerItemDescription>
      <UnitQty>גרמים</UnitQty>
      <Quantity>123.00</Quantity>
      <bIsWeighted>0</bIsWeighted>
      <UnitOfMeasure>100 גרם</UnitOfMeasure>
      <QtyInPackage>0</QtyInPackage>
      <ItemPrice>5.00</ItemPrice>
      <UnitOfMeasurePrice>4.07</UnitOfMeasurePrice>
      <AllowDiscount>1</AllowDiscount>
      <ItemStatus>1</ItemStatus>
    </Item>
    <Item>
      <PriceUpdateDate>2018-09-12 14:25</PriceUpdateDate>
      <ItemCode>7290014762756</ItemCode>
      <ItemType>1</ItemType>
      <ItemName>נפוליאון 16%עם בצל 225ג</ItemName>
      <ManufacturerName>תנובה</ManufacturerName>
      <ManufactureCountry>IL</ManufactureCountry>
      <ManufacturerItemDescription>גבינת נפוליאון</ManufacturerItemDescription>
      <UnitQty>גרמים</UnitQty>
      <Quantity>225.00</Quantity>
      <bIsWeighted>0</bIsWeighted>
      <UnitOfMeasure>100 גרם</UnitOfMeasure>
      <QtyInPackage>1</QtyInPackage>
      <ItemPrice>15.00</ItemPrice>
      <UnitOfMeasurePrice>6.67</UnitOfMeasurePrice>
      <AllowDiscount>1</AllowDiscount>
      <ItemStatus>1</ItemStatus>
    </Item>
    <Item>
      <PriceUpdateDate>2017-09-15 09:36</PriceUpdateDate>
      <ItemCode>7290014762770</ItemCode>
      <ItemType>1</ItemType>
      <ItemName>מעדן סויה טעם אפרסק125גר</ItemName>
      <ManufacturerName>סוי מג'יק</ManufacturerName>
      <ManufactureCountry>IL</ManufactureCountry>
      <ManufacturerItemDescription>מעדן סויה</ManufacturerItemDescription>
      <UnitQty>גרמים</UnitQty>
      <Quantity>125.00</Quantity>
      <bIsWeighted>0</bIsWeighted>
      <UnitOfMeasure>100 גרם</UnitOfMeasure>
      <QtyInPackage>1</QtyInPackage>
      <ItemPrice>4.70</ItemPrice>
      <UnitOfMeasurePrice>3.76</UnitOfMeasurePrice>
      <AllowDiscount>1</AllowDiscount>
      <ItemStatus>1</ItemStatus>
    </Item>
    <Item>
      <PriceUpdateDate>2017-09-15 09:36</PriceUpdateDate>
      <ItemCode>7290014762794</ItemCode>
      <ItemType>1</ItemType>
      <ItemName>מעדן סויה מתיק.מעודנת125</ItemName>
      <ManufacturerName>סוי מג'יק</ManufacturerName>
      <ManufactureCountry>IL</ManufactureCountry>
      <ManufacturerItemDescription>מעדן סויה</ManufacturerItemDescription>
      <UnitQty>גרמים</UnitQty>
      <Quantity>125.00</Quantity>
      <bIsWeighted>0</bIsWeighted>
      <UnitOfMeasure>100 גרם</UnitOfMeasure>
      <QtyInPackage>1</QtyInPackage>
      <ItemPrice>4.70</ItemPrice>
      <UnitOfMeasurePrice>3.76</UnitOfMeasurePrice>
      <AllowDiscount>1</AllowDiscount>
      <ItemStatus>1</ItemStatus>
    </Item>
    <Item>
      <PriceUpdateDate>2017-09-15 09:36</PriceUpdateDate>
      <ItemCode>7290014762800</ItemCode>
      <ItemType>1</ItemType>
      <ItemName>מעדן סויה טעם שוקולד125ג</ItemName>
      <ManufacturerName>סוי מג'יק</ManufacturerName>
      <ManufactureCountry>IL</ManufactureCountry>
      <ManufacturerItemDescription>מעדן סויה ט.שוקו</ManufacturerItemDescription>
      <UnitQty>גרמים</UnitQty>
      <Quantity>125.00</Quantity>
      <bIsWeighted>0</bIsWeighted>
      <UnitOfMeasure>100 גרם</UnitOfMeasure>
      <QtyInPackage>1</QtyInPackage>
      <ItemPrice>4.70</ItemPrice>
      <UnitOfMeasurePrice>3.76</UnitOfMeasurePrice>
      <AllowDiscount>1</AllowDiscount>
      <ItemStatus>1</ItemStatus>
    </Item>
    <Item>
      <PriceUpdateDate>2020-08-04 16:29</PriceUpdateDate>
      <ItemCode>7290014762909</ItemCode>
      <ItemType>1</ItemType>
      <ItemName>פתיתי מוצרלה 200 גרם</ItemName>
      <ManufacturerName>תנובה</ManufacturerName>
      <ManufactureCountry>IL</ManufactureCountry>
      <ManufacturerItemDescription>פתיתי מוצרלה200ג</ManufacturerItemDescription>
      <UnitQty>גרמים</UnitQty>
      <Quantity>200.00</Quantity>
      <bIsWeighted>0</bIsWeighted>
      <UnitOfMeasure>100 גרם</UnitOfMeasure>
      <QtyInPackage>1</QtyInPackage>
      <ItemPrice>17.90</ItemPrice>
      <UnitOfMeasurePrice>8.95</UnitOfMeasurePrice>
      <AllowDiscount>1</AllowDiscount>
      <ItemStatus>1</ItemStatus>
    </Item>
    <Item>
      <PriceUpdateDate>2018-09-12 14:25</PriceUpdateDate>
      <ItemCode>7290014763098</ItemCode>
      <ItemType>1</ItemType>
      <ItemName>גב.קרם שמנת5% טוסקנה200ג</ItemName>
      <ManufacturerName>תנובה</ManufacturerName>
      <ManufactureCountry>IL</ManufactureCountry>
      <ManufacturerItemDescription>גבינת קרם שמנת</ManufacturerItemDescription>
      <UnitQty>גרמים</UnitQty>
      <Quantity>200.00</Quantity>
      <bIsWeighted>0</bIsWeighted>
      <UnitOfMeasure>100 גרם</UnitOfMeasure>
      <QtyInPackage>1</QtyInPackage>
      <ItemPrice>12.30</ItemPrice>
      <UnitOfMeasurePrice>6.15</UnitOfMeasurePrice>
      <AllowDiscount>1</AllowDiscount>
      <ItemStatus>1</ItemStatus>
    </Item>
    <Item>
      <PriceUpdateDate>2018-09-12 14:25</PriceUpdateDate>
      <ItemCode>7290014763319</ItemCode>
      <ItemType>1</ItemType>
      <ItemName>גב.שמנת עירית+בצל5% 200ג</ItemName>
      <ManufacturerName>תנובה</ManufacturerName>
      <ManufactureCountry>IL</ManufactureCountry>
      <ManufacturerItemDescription>גבינת קרם שמנת</ManufacturerItemDescription>
      <UnitQty>גרמים</UnitQty>
      <Quantity>200.00</Quantity>
      <bIsWeighted>0</bIsWeighted>
      <UnitOfMeasure>100 גרם</UnitOfMeasure>
      <QtyInPackage>1</QtyInPackage>
      <ItemPrice>12.30</ItemPrice>
      <UnitOfMeasurePrice>6.15</UnitOfMeasurePrice>
      <AllowDiscount>1</AllowDiscount>
      <ItemStatus>1</ItemStatus>
    </Item>
    <Item>
      <PriceUpdateDate>2018-01-16 08:32</PriceUpdateDate>
      <ItemCode>7290014763579</ItemCode>
      <ItemType>1</ItemType>
      <ItemName>מעדן סויה ביו פ.יער125גר</ItemName>
      <ManufacturerName>---</ManufacturerName>
      <ManufactureCountry>IL</ManufactureCountry>
      <ManufacturerItemDescription>מעדן סויה ביו</ManufacturerItemDescription>
      <UnitQty>גרמים</UnitQty>
      <Quantity>125.00</Quantity>
      <bIsWeighted>0</bIsWeighted>
      <UnitOfMeasure>100 גרם</UnitOfMeasure>
      <QtyInPackage>1</QtyInPackage>
      <ItemPrice>4.70</ItemPrice>
      <UnitOfMeasurePrice>3.76</UnitOfMeasurePrice>
      <AllowDiscount>1</AllowDiscount>
      <ItemStatus>1</ItemStatus>
    </Item>
    <Item>
      <PriceUpdateDate>2017-05-03 11:53</PriceUpdateDate>
      <ItemCode>7290014763678</ItemCode>
      <ItemType>1</ItemType>
      <ItemName>משקה חלבוןGO טעם וניל250</ItemName>
      <ManufacturerName>תנובה</ManufacturerName>
      <ManufactureCountry>IL</ManufactureCountry>
      <ManufacturerItemDescription>משקה חלבון GO</ManufacturerItemDescription>
      <UnitQty>מיליליטרים</UnitQty>
      <Quantity>250.00</Quantity>
      <bIsWeighted>0</bIsWeighted>
      <UnitOfMeasure>100 מ"ל</UnitOfMeasure>
      <QtyInPackage>1</QtyInPackage>
      <ItemPrice>5.90</ItemPrice>
      <UnitOfMeasurePrice>2.36</UnitOfMeasurePrice>
      <AllowDiscount>1</AllowDiscount>
      <ItemStatus>1</ItemStatus>
    </Item>
    <Item>
      <PriceUpdateDate>2020-03-17 13:20</PriceUpdateDate>
      <ItemCode>7290014791091</ItemCode>
      <ItemType>1</ItemType>
      <ItemName>שוופס לימונייד 500 מ"ל</ItemName>
      <ManufacturerName>יפאורה שותפות מובגלת לשי</ManufacturerName>
      <ManufactureCountry>IL</ManufactureCountry>
      <ManufacturerItemDescription>שוופס לימונייד</ManufacturerItemDescription>
      <UnitQty>מיליליטרים</UnitQty>
      <Quantity>500.00</Quantity>
      <bIsWeighted>0</bIsWeighted>
      <UnitOfMeasure>100 מ"ל</UnitOfMeasure>
      <QtyInPackage>0</QtyInPackage>
      <ItemPrice>5.50</ItemPrice>
      <UnitOfMeasurePrice>1.10</UnitOfMeasurePrice>
      <AllowDiscount>1</AllowDiscount>
      <ItemStatus>1</ItemStatus>
    </Item>
    <Item>
      <PriceUpdateDate>2018-12-16 12:57</PriceUpdateDate>
      <ItemCode>7290014791565</ItemCode>
      <ItemType>1</ItemType>
      <ItemName>שוופס מוגז ענבים 1.5ליטר</ItemName>
      <ManufacturerName>יפאורה תבורי בע"\מ</ManufacturerName>
      <ManufactureCountry>IL</ManufactureCountry>
      <ManufacturerItemDescription>שוופס ענבים</ManufacturerItemDescription>
      <UnitQty>ליטרים</UnitQty>
      <Quantity>1.50</Quantity>
      <bIsWeighted>0</bIsWeighted>
      <UnitOfMeasure>ליטר</UnitOfMeasure>
      <QtyInPackage>1</QtyInPackage>
      <ItemPrice>7.20</ItemPrice>
      <UnitOfMeasurePrice>4.80</UnitOfMeasurePrice>
      <AllowDiscount>1</AllowDiscount>
      <ItemStatus>1</ItemStatus>
    </Item>
    <Item>
      <PriceUpdateDate>2019-08-13 08:20</PriceUpdateDate>
      <ItemCode>7290014791589</ItemCode>
      <ItemType>1</ItemType>
      <ItemName>תפוזינה לימונדה נענע1.5ל</ItemName>
      <ManufacturerName>יפאורה תבורי בע"\מ</ManufacturerName>
      <ManufactureCountry>IL</ManufactureCountry>
      <ManufacturerItemDescription>תפוזינה לימונדה</ManufacturerItemDescription>
      <UnitQty>ליטרים</UnitQty>
      <Quantity>1.50</Quantity>
      <bIsWeighted>0</bIsWeighted>
      <UnitOfMeasure>ליטר</UnitOfMeasure>
      <QtyInPackage>0</QtyInPackage>
      <ItemPrice>6.90</ItemPrice>
      <UnitOfMeasurePrice>4.60</UnitOfMeasurePrice>
      <AllowDiscount>1</AllowDiscount>
      <ItemStatus>1</ItemStatus>
    </Item>
    <Item>
      <PriceUpdateDate>2018-12-16 12:57</PriceUpdateDate>
      <ItemCode>7290014791800</ItemCode>
      <ItemType>1</ItemType>
      <ItemName>פרוט ווטר אפרסק 1.5 ליטר</ItemName>
      <ManufacturerName>יפאורה תבורי בע"\מ</ManufacturerName>
      <ManufactureCountry>IL</ManufactureCountry>
      <ManufacturerItemDescription>פרוט ווטר אפרסק</ManufacturerItemDescription>
      <UnitQty>ליטרים</UnitQty>
      <Quantity>1.50</Quantity>
      <bIsWeighted>0</bIsWeighted>
      <UnitOfMeasure>ליטר</UnitOfMeasure>
      <QtyInPackage>1</QtyInPackage>
      <ItemPrice>7.70</ItemPrice>
      <UnitOfMeasurePrice>5.13</UnitOfMeasurePrice>
      <AllowDiscount>1</AllowDiscount>
      <ItemStatus>1</ItemStatus>
    </Item>
    <Item>
      <PriceUpdateDate>2017-11-14 10:38</PriceUpdateDate>
      <ItemCode>7290014940901</ItemCode>
      <ItemType>1</ItemType>
      <ItemName>לחם פשוט מלא 750 גרם</ItemName>
      <ManufacturerName>מאפיית שלמה א. אנג'\ל בע</ManufacturerName>
      <ManufactureCountry>IL</ManufactureCountry>
      <ManufacturerItemDescription>לחם מלא</ManufacturerItemDescription>
      <UnitQty>גרמים</UnitQty>
      <Quantity>750.00</Quantity>
      <bIsWeighted>0</bIsWeighted>
      <UnitOfMeasure>100 גרם</UnitOfMeasure>
      <QtyInPackage>1</QtyInPackage>
      <ItemPrice>15.00</ItemPrice>
      <UnitOfMeasurePrice>2.00</UnitOfMeasurePrice>
      <AllowDiscount>1</AllowDiscount>
      <ItemStatus>1</ItemStatus>
    </Item>
    <Item>
      <PriceUpdateDate>2020-08-04 16:29</PriceUpdateDate>
      <ItemCode>7290015139267</ItemCode>
      <ItemType>1</ItemType>
      <ItemName>שוק.מריר שקדים ללת"ס85גר</ItemName>
      <ManufacturerName>כרמית</ManufacturerName>
      <ManufactureCountry>IL</ManufactureCountry>
      <ManufacturerItemDescription>שוקולד מריר</ManufacturerItemDescription>
      <UnitQty>גרמים</UnitQty>
      <Quantity>85.00</Quantity>
      <bIsWeighted>0</bIsWeighted>
      <UnitOfMeasure>100 גרם</UnitOfMeasure>
      <QtyInPackage>1</QtyInPackage>
      <ItemPrice>6.90</ItemPrice>
      <UnitOfMeasurePrice>8.12</UnitOfMeasurePrice>
      <AllowDiscount>1</AllowDiscount>
      <ItemStatus>1</ItemStatus>
    </Item>
    <Item>
      <PriceUpdateDate>2017-05-30 12:08</PriceUpdateDate>
      <ItemCode>7290015644297</ItemCode>
      <ItemType>1</ItemType>
      <ItemName>לחמניות פשוט מלא 75*6גרם</ItemName>
      <ManufacturerName>מאפיית שלמה א. אנג'\ל בע</ManufacturerName>
      <ManufactureCountry>IL</ManufactureCountry>
      <ManufacturerItemDescription>לחמניות 6 יח'</ManufacturerItemDescription>
      <UnitQty>גרמים</UnitQty>
      <Quantity>450.00</Quantity>
      <bIsWeighted>0</bIsWeighted>
      <UnitOfMeasure>100 גרם</UnitOfMeasure>
      <QtyInPackage>1</QtyInPackage>
      <ItemPrice>11.50</ItemPrice>
      <UnitOfMeasurePrice>2.56</UnitOfMeasurePrice>
      <AllowDiscount>1</AllowDiscount>
      <ItemStatus>1</ItemStatus>
    </Item>
    <Item>
      <PriceUpdateDate>2020-10-10 18:30</PriceUpdateDate>
      <ItemCode>7290015726498</ItemCode>
      <ItemType>1</ItemType>
      <ItemName>עוגת פס מוס מוצרט 600גרם</ItemName>
      <ManufacturerName>גידרון</ManufacturerName>
      <ManufactureCountry>IL</ManufactureCountry>
      <ManufacturerItemDescription>עוגת פס מוס</ManufacturerItemDescription>
      <UnitQty>גרמים</UnitQty>
      <Quantity>600.00</Quantity>
      <bIsWeighted>0</bIsWeighted>
      <UnitOfMeasure>100 גרם</UnitOfMeasure>
      <QtyInPackage>1</QtyInPackage>
      <ItemPrice>43.90</ItemPrice>
      <UnitOfMeasurePrice>7.32</UnitOfMeasurePrice>
      <AllowDiscount>1</AllowDiscount>
      <ItemStatus>1</ItemStatus>
    </Item>
    <Item>
      <PriceUpdateDate>2020-10-10 18:30</PriceUpdateDate>
      <ItemCode>7290015726528</ItemCode>
      <ItemType>1</ItemType>
      <ItemName>עוגת פס טירמיסו 550גרם</ItemName>
      <ManufacturerName>---</ManufacturerName>
      <ManufactureCountry>IL</ManufactureCountry>
      <ManufacturerItemDescription>עוגת פס טירמיסו</ManufacturerItemDescription>
      <UnitQty>גרמים</UnitQty>
      <Quantity>550.00</Quantity>
      <bIsWeighted>0</bIsWeighted>
      <UnitOfMeasure>100 גרם</UnitOfMeasure>
      <QtyInPackage>1</QtyInPackage>
      <ItemPrice>43.90</ItemPrice>
      <UnitOfMeasurePrice>7.98</UnitOfMeasurePrice>
      <AllowDiscount>1</AllowDiscount>
      <ItemStatus>1</ItemStatus>
    </Item>
    <Item>
      <PriceUpdateDate>2020-03-17 13:20</PriceUpdateDate>
      <ItemCode>7290016006148</ItemCode>
      <ItemType>1</ItemType>
      <ItemName>שוופס מוגז ענבים 500 מ"ל</ItemName>
      <ManufacturerName>יפאורה שותפות מובגלת לשי</ManufacturerName>
      <ManufactureCountry>IL</ManufactureCountry>
      <ManufacturerItemDescription>שוופס מוגז ענבים</ManufacturerItemDescription>
      <UnitQty>מיליליטרים</UnitQty>
      <Quantity>500.00</Quantity>
      <bIsWeighted>0</bIsWeighted>
      <UnitOfMeasure>100 מ"ל</UnitOfMeasure>
      <QtyInPackage>1</QtyInPackage>
      <ItemPrice>5.50</ItemPrice>
      <UnitOfMeasurePrice>1.10</UnitOfMeasurePrice>
      <AllowDiscount>1</AllowDiscount>
      <ItemStatus>1</ItemStatus>
    </Item>
    <Item>
      <PriceUpdateDate>2016-08-09 06:49</PriceUpdateDate>
      <ItemCode>7290016197839</ItemCode>
      <ItemType>1</ItemType>
      <ItemName>שקיות אשפה חזקות XL</ItemName>
      <ManufacturerName>חוגלה קימברלי</ManufacturerName>
      <ManufactureCountry>IL</ManufactureCountry>
      <ManufacturerItemDescription>שקיות אשפה חזקות</ManufacturerItemDescription>
      <UnitQty>יחידה</UnitQty>
      <Quantity>1.00</Quantity>
      <bIsWeighted>0</bIsWeighted>
      <UnitOfMeasure>יחידה</UnitOfMeasure>
      <QtyInPackage>1</QtyInPackage>
      <ItemPrice>27.90</ItemPrice>
      <UnitOfMeasurePrice>27.90</UnitOfMeasurePrice>
      <AllowDiscount>1</AllowDiscount>
      <ItemStatus>1</ItemStatus>
    </Item>
    <Item>
      <PriceUpdateDate>2016-12-30 07:53</PriceUpdateDate>
      <ItemCode>7290016314762</ItemCode>
      <ItemType>1</ItemType>
      <ItemName>פרובנציאל מטיאס 200 גרם</ItemName>
      <ManufacturerName>---</ManufacturerName>
      <ManufactureCountry>IL</ManufactureCountry>
      <ManufacturerItemDescription>פרובנציאל מטיאס</ManufacturerItemDescription>
      <UnitQty>גרמים</UnitQty>
      <Quantity>200.00</Quantity>
      <bIsWeighted>0</bIsWeighted>
      <UnitOfMeasure>100 גרם</UnitOfMeasure>
      <QtyInPackage>1</QtyInPackage>
      <ItemPrice>16.90</ItemPrice>
      <UnitOfMeasurePrice>8.45</UnitOfMeasurePrice>
      <AllowDiscount>1</AllowDiscount>
      <ItemStatus>1</ItemStatus>
    </Item>
    <Item>
      <PriceUpdateDate>2016-12-30 07:53</PriceUpdateDate>
      <ItemCode>7290016314793</ItemCode>
      <ItemType>1</ItemType>
      <ItemName>מקרל מעושן פרוס בשמן190ג</ItemName>
      <ManufacturerName>---</ManufacturerName>
      <ManufactureCountry>IL</ManufactureCountry>
      <ManufacturerItemDescription>מקרל מעושן</ManufacturerItemDescription>
      <UnitQty>גרמים</UnitQty>
      <Quantity>190.00</Quantity>
      <bIsWeighted>0</bIsWeighted>
      <UnitOfMeasure>100 גרם</UnitOfMeasure>
      <QtyInPackage>1</QtyInPackage>
      <ItemPrice>19.90</ItemPrice>
      <UnitOfMeasurePrice>10.47</UnitOfMeasurePrice>
      <AllowDiscount>1</AllowDiscount>
      <ItemStatus>1</ItemStatus>
    </Item>
    <Item>
      <PriceUpdateDate>2017-01-11 19:39</PriceUpdateDate>
      <ItemCode>7290016314823</ItemCode>
      <ItemType>1</ItemType>
      <ItemName>סלט מטיאס עם מיונז 200 ג</ItemName>
      <ManufacturerName>---</ManufacturerName>
      <ManufactureCountry>IL</ManufactureCountry>
      <ManufacturerItemDescription>סלט מטיאס</ManufacturerItemDescription>
      <UnitQty>גרמים</UnitQty>
      <Quantity>200.00</Quantity>
      <bIsWeighted>0</bIsWeighted>
      <UnitOfMeasure>100 גרם</UnitOfMeasure>
      <QtyInPackage>1</QtyInPackage>
      <ItemPrice>16.90</ItemPrice>
      <UnitOfMeasurePrice>8.45</UnitOfMeasurePrice>
      <AllowDiscount>1</AllowDiscount>
      <ItemStatus>1</ItemStatus>
    </Item>
    <Item>
      <PriceUpdateDate>2016-12-30 07:53</PriceUpdateDate>
      <ItemCode>7290016314847</ItemCode>
      <ItemType>1</ItemType>
      <ItemName>סלמון מובחר 100גרם</ItemName>
      <ManufacturerName>---</ManufacturerName>
      <ManufactureCountry>IL</ManufactureCountry>
      <ManufacturerItemDescription>סלמון מובחר</ManufacturerItemDescription>
      <UnitQty>גרמים</UnitQty>
      <Quantity>100.00</Quantity>
      <bIsWeighted>0</bIsWeighted>
      <UnitOfMeasure>100 גרם</UnitOfMeasure>
      <QtyInPackage>1</QtyInPackage>
      <ItemPrice>20.90</ItemPrice>
      <UnitOfMeasurePrice>20.90</UnitOfMeasurePrice>
      <AllowDiscount>1</AllowDiscount>
      <ItemStatus>1</ItemStatus>
    </Item>
    <Item>
      <PriceUpdateDate>2017-04-04 08:24</PriceUpdateDate>
      <ItemCode>7290016314946</ItemCode>
      <ItemType>1</ItemType>
      <ItemName>פילה מקרל מעושן 120 גרם</ItemName>
      <ManufacturerName>---</ManufacturerName>
      <ManufactureCountry>IL</ManufactureCountry>
      <ManufacturerItemDescription>פילה מקרל מעושן</ManufacturerItemDescription>
      <UnitQty>גרמים</UnitQty>
      <Quantity>120.00</Quantity>
      <bIsWeighted>0</bIsWeighted>
      <UnitOfMeasure>100 גרם</UnitOfMeasure>
      <QtyInPackage>1</QtyInPackage>
      <ItemPrice>17.90</ItemPrice>
      <UnitOfMeasurePrice>14.92</UnitOfMeasurePrice>
      <AllowDiscount>1</AllowDiscount>
      <ItemStatus>1</ItemStatus>
    </Item>
    <Item>
      <PriceUpdateDate>2018-06-26 15:17</PriceUpdateDate>
      <ItemCode>7290016437508</ItemCode>
      <ItemType>1</ItemType>
      <ItemName>נייר טואלט מולט 24ג כפול</ItemName>
      <ManufacturerName>חוגלה קימברלי</ManufacturerName>
      <ManufactureCountry>IL</ManufactureCountry>
      <ManufacturerItemDescription>נייר טואלט מולט</ManufacturerItemDescription>
      <UnitQty>מטרים</UnitQty>
      <Quantity>860.00</Quantity>
      <bIsWeighted>0</bIsWeighted>
      <UnitOfMeasure>100 מטר</UnitOfMeasure>
      <QtyInPackage>1</QtyInPackage>
      <ItemPrice>41.90</ItemPrice>
      <UnitOfMeasurePrice>4.87</UnitOfMeasurePrice>
      <AllowDiscount>1</AllowDiscount>
      <ItemStatus>1</ItemStatus>
    </Item>
    <Item>
      <PriceUpdateDate>2017-05-30 12:08</PriceUpdateDate>
      <ItemCode>7290016497526</ItemCode>
      <ItemType>1</ItemType>
      <ItemName>בגט אותנטי 280גרם</ItemName>
      <ManufacturerName>מאפ גדרון</ManufacturerName>
      <ManufactureCountry>IL</ManufactureCountry>
      <ManufacturerItemDescription>בגט אותנטי</ManufacturerItemDescription>
      <UnitQty>גרמים</UnitQty>
      <Quantity>280.00</Quantity>
      <bIsWeighted>0</bIsWeighted>
      <UnitOfMeasure>100 גרם</UnitOfMeasure>
      <QtyInPackage>1</QtyInPackage>
      <ItemPrice>7.90</ItemPrice>
      <UnitOfMeasurePrice>2.82</UnitOfMeasurePrice>
      <AllowDiscount>1</AllowDiscount>
      <ItemStatus>1</ItemStatus>
    </Item>
    <Item>
      <PriceUpdateDate>2018-06-12 08:13</PriceUpdateDate>
      <ItemCode>7290016509786</ItemCode>
      <ItemType>1</ItemType>
      <ItemName>ג'ל כביסה פרסיל 2.5 ליטר</ItemName>
      <ManufacturerName>הנקל סוד בע"\מ</ManufacturerName>
      <ManufactureCountry>IL</ManufactureCountry>
      <ManufacturerItemDescription>ג'ל כביסה פרסיל</ManufacturerItemDescription>
      <UnitQty>ליטרים</UnitQty>
      <Quantity>2.50</Quantity>
      <bIsWeighted>0</bIsWeighted>
      <UnitOfMeasure>ליטר</UnitOfMeasure>
      <QtyInPackage>1</QtyInPackage>
      <ItemPrice>35.90</ItemPrice>
      <UnitOfMeasurePrice>14.36</UnitOfMeasurePrice>
      <AllowDiscount>1</AllowDiscount>
      <ItemStatus>1</ItemStatus>
    </Item>
    <Item>
      <PriceUpdateDate>2020-10-09 05:35</PriceUpdateDate>
      <ItemCode>7290016867114</ItemCode>
      <ItemType>1</ItemType>
      <ItemName>לחם קל מכוסמין מלא 500 ג</ItemName>
      <ManufacturerName>כללי</ManufacturerName>
      <ManufactureCountry>IL</ManufactureCountry>
      <ManufacturerItemDescription>לחם קל מכוסמין</ManufacturerItemDescription>
      <UnitQty>גרמים</UnitQty>
      <Quantity>500.00</Quantity>
      <bIsWeighted>0</bIsWeighted>
      <UnitOfMeasure>100 גרם</UnitOfMeasure>
      <QtyInPackage>1</QtyInPackage>
      <ItemPrice>19.90</ItemPrice>
      <UnitOfMeasurePrice>3.98</UnitOfMeasurePrice>
      <AllowDiscount>1</AllowDiscount>
      <ItemStatus>1</ItemStatus>
    </Item>
    <Item>
      <PriceUpdateDate>2017-07-25 08:39</PriceUpdateDate>
      <ItemCode>7290016867152</ItemCode>
      <ItemType>1</ItemType>
      <ItemName>פיתות קלות ק.כוסמין66*5ג</ItemName>
      <ManufacturerName>המאפה של דר' מארק</ManufacturerName>
      <ManufactureCountry>IL</ManufactureCountry>
      <ManufacturerItemDescription>פיתות קלות</ManufacturerItemDescription>
      <UnitQty>גרמים</UnitQty>
      <Quantity>330.00</Quantity>
      <bIsWeighted>0</bIsWeighted>
      <UnitOfMeasure>100 גרם</UnitOfMeasure>
      <QtyInPackage>1</QtyInPackage>
      <ItemPrice>14.90</ItemPrice>
      <UnitOfMeasurePrice>4.52</UnitOfMeasurePrice>
      <AllowDiscount>1</AllowDiscount>
      <ItemStatus>1</ItemStatus>
    </Item>
    <Item>
      <PriceUpdateDate>2020-08-04 16:29</PriceUpdateDate>
      <ItemCode>7290016867176</ItemCode>
      <ItemType>1</ItemType>
      <ItemName>לחמ.קלות שומ.כוסמין 351ג</ItemName>
      <ManufacturerName>כללי</ManufacturerName>
      <ManufactureCountry>IL</ManufactureCountry>
      <ManufacturerItemDescription>לחמניות קלות</ManufacturerItemDescription>
      <UnitQty>גרמים</UnitQty>
      <Quantity>351.00</Quantity>
      <bIsWeighted>0</bIsWeighted>
      <UnitOfMeasure>100 גרם</UnitOfMeasure>
      <QtyInPackage>1</QtyInPackage>
      <ItemPrice>15.90</ItemPrice>
      <UnitOfMeasurePrice>4.53</UnitOfMeasurePrice>
      <AllowDiscount>1</AllowDiscount>
      <ItemStatus>1</ItemStatus>
    </Item>
    <Item>
      <PriceUpdateDate>2020-06-19 05:37</PriceUpdateDate>
      <ItemCode>7290016867244</ItemCode>
      <ItemType>1</ItemType>
      <ItemName>6לחמנ.מחמצת כוסמין400ג</ItemName>
      <ManufacturerName>המאפה של דר' מארק</ManufacturerName>
      <ManufactureCountry>IL</ManufactureCountry>
      <ManufacturerItemDescription>לחמניות מחמצת6יח</ManufacturerItemDescription>
      <UnitQty>גרמים</UnitQty>
      <Quantity>400.00</Quantity>
      <bIsWeighted>0</bIsWeighted>
      <UnitOfMeasure>100 גרם</UnitOfMeasure>
      <QtyInPackage>1</QtyInPackage>
      <ItemPrice>14.90</ItemPrice>
      <UnitOfMeasurePrice>3.73</UnitOfMeasurePrice>
      <AllowDiscount>1</AllowDiscount>
      <ItemStatus>1</ItemStatus>
    </Item>
    <Item>
      <PriceUpdateDate>2017-07-25 08:39</PriceUpdateDate>
      <ItemCode>7290016897111</ItemCode>
      <ItemType>1</ItemType>
      <ItemName>לחם קל מכוסמין מלא 500 ג</ItemName>
      <ManufacturerName>המאפה של דר' מארק</ManufacturerName>
      <ManufactureCountry>IL</ManufactureCountry>
      <ManufacturerItemDescription>לחם קל מכוסמין</ManufacturerItemDescription>
      <UnitQty>גרמים</UnitQty>
      <Quantity>500.00</Quantity>
      <bIsWeighted>0</bIsWeighted>
      <UnitOfMeasure>100 גרם</UnitOfMeasure>
      <QtyInPackage>1</QtyInPackage>
      <ItemPrice>19.90</ItemPrice>
      <UnitOfMeasurePrice>3.98</UnitOfMeasurePrice>
      <AllowDiscount>1</AllowDiscount>
      <ItemStatus>1</ItemStatus>
    </Item>
    <Item>
      <PriceUpdateDate>2017-11-14 10:38</PriceUpdateDate>
      <ItemCode>7290016967074</ItemCode>
      <ItemType>1</ItemType>
      <ItemName>לחם אנג'ל חיטה מלאה750ג</ItemName>
      <ManufacturerName>מאפיית שלמה א. אנג'\ל בע</ManufacturerName>
      <ManufactureCountry>IL</ManufactureCountry>
      <ManufacturerItemDescription>אנג'ל חיטה מלאה</ManufacturerItemDescription>
      <UnitQty>גרמים</UnitQty>
      <Quantity>750.00</Quantity>
      <bIsWeighted>0</bIsWeighted>
      <UnitOfMeasure>100 גרם</UnitOfMeasure>
      <QtyInPackage>1</QtyInPackage>
      <ItemPrice>15.90</ItemPrice>
      <UnitOfMeasurePrice>2.12</UnitOfMeasurePrice>
      <AllowDiscount>1</AllowDiscount>
      <ItemStatus>1</ItemStatus>
    </Item>
    <Item>
      <PriceUpdateDate>2018-12-16 12:57</PriceUpdateDate>
      <ItemCode>7290017023717</ItemCode>
      <ItemType>1</ItemType>
      <ItemName>שוופס טוניק ללא סוכר1.5ל</ItemName>
      <ManufacturerName>יפאורה תבורי בעמ</ManufacturerName>
      <ManufactureCountry>IL</ManufactureCountry>
      <ManufacturerItemDescription>מי טוניק ל.סוכר</ManufacturerItemDescription>
      <UnitQty>ליטרים</UnitQty>
      <Quantity>1.50</Quantity>
      <bIsWeighted>0</bIsWeighted>
      <UnitOfMeasure>ליטר</UnitOfMeasure>
      <QtyInPackage>1</QtyInPackage>
      <ItemPrice>10.30</ItemPrice>
      <UnitOfMeasurePrice>6.87</UnitOfMeasurePrice>
      <AllowDiscount>1</AllowDiscount>
      <ItemStatus>1</ItemStatus>
    </Item>
    <Item>
      <PriceUpdateDate>2019-08-13 08:20</PriceUpdateDate>
      <ItemCode>7290017023724</ItemCode>
      <ItemType>1</ItemType>
      <ItemName>ספרינג מנגו אננס 1.5 ל</ItemName>
      <ManufacturerName>יפאורה תבורי בע"\מ</ManufacturerName>
      <ManufactureCountry>IL</ManufactureCountry>
      <ManufacturerItemDescription>ספרינג מנגו אננס</ManufacturerItemDescription>
      <UnitQty>ליטרים</UnitQty>
      <Quantity>1.50</Quantity>
      <bIsWeighted>0</bIsWeighted>
      <UnitOfMeasure>ליטר</UnitOfMeasure>
      <QtyInPackage>1</QtyInPackage>
      <ItemPrice>6.90</ItemPrice>
      <UnitOfMeasurePrice>4.60</UnitOfMeasurePrice>
      <AllowDiscount>1</AllowDiscount>
      <ItemStatus>1</ItemStatus>
    </Item>
    <Item>
      <PriceUpdateDate>2018-11-09 10:26</PriceUpdateDate>
      <ItemCode>7290017065144</ItemCode>
      <ItemType>1</ItemType>
      <ItemName>ריקוטה בזיליקום5% 200גרם</ItemName>
      <ManufacturerName>מחלבות גד</ManufacturerName>
      <ManufactureCountry>IL</ManufactureCountry>
      <ManufacturerItemDescription>ריקוטה למריחה</ManufacturerItemDescription>
      <UnitQty>גרמים</UnitQty>
      <Quantity>200.00</Quantity>
      <bIsWeighted>0</bIsWeighted>
      <UnitOfMeasure>100 גרם</UnitOfMeasure>
      <QtyInPackage>1</QtyInPackage>
      <ItemPrice>10.70</ItemPrice>
      <UnitOfMeasurePrice>5.35</UnitOfMeasurePrice>
      <AllowDiscount>1</AllowDiscount>
      <ItemStatus>1</ItemStatus>
    </Item>
    <Item>
      <PriceUpdateDate>2020-08-04 16:29</PriceUpdateDate>
      <ItemCode>7290017105468</ItemCode>
      <ItemType>1</ItemType>
      <ItemName>אפונה קטנה 200*3 גרם</ItemName>
      <ManufacturerName>KFT KECSKEMET</ManufacturerName>
      <ManufactureCountry>IL</ManufactureCountry>
      <ManufacturerItemDescription>אפונה קטנה 3 יח</ManufacturerItemDescription>
      <UnitQty>גרמים</UnitQty>
      <Quantity>600.00</Quantity>
      <bIsWeighted>0</bIsWeighted>
      <UnitOfMeasure>100 גרם</UnitOfMeasure>
      <QtyInPackage>1</QtyInPackage>
      <ItemPrice>10.90</ItemPrice>
      <UnitOfMeasurePrice>1.82</UnitOfMeasurePrice>
      <AllowDiscount>1</AllowDiscount>
      <ItemStatus>1</ItemStatus>
    </Item>
    <Item>
      <PriceUpdateDate>2018-05-29 08:01</PriceUpdateDate>
      <ItemCode>7290017142111</ItemCode>
      <ItemType>1</ItemType>
      <ItemName>פתיתי טונה שמן זית85TOGO</ItemName>
      <ManufacturerName>יוניקורד</ManufacturerName>
      <ManufactureCountry>TH</ManufactureCountry>
      <ManufacturerItemDescription>פתיתי טונה</ManufacturerItemDescription>
      <UnitQty>גרמים</UnitQty>
      <Quantity>85.00</Quantity>
      <bIsWeighted>0</bIsWeighted>
      <UnitOfMeasure>100 גרם</UnitOfMeasure>
      <QtyInPackage>1</QtyInPackage>
      <ItemPrice>10.90</ItemPrice>
      <UnitOfMeasurePrice>12.82</UnitOfMeasurePrice>
      <AllowDiscount>1</AllowDiscount>
      <ItemStatus>1</ItemStatus>
    </Item>
    <Item>
      <PriceUpdateDate>2019-07-16 09:40</PriceUpdateDate>
      <ItemCode>7290017304885</ItemCode>
      <ItemType>1</ItemType>
      <ItemName>לחם שיפון מלא פרוס 750גר</ItemName>
      <ManufacturerName>מאפיית שלמה א. אנג'\ל בע</ManufacturerName>
      <ManufactureCountry>IL</ManufactureCountry>
      <ManufacturerItemDescription>לחם שיפון מלא</ManufacturerItemDescription>
      <UnitQty>גרמים</UnitQty>
      <Quantity>750.00</Quantity>
      <bIsWeighted>0</bIsWeighted>
      <UnitOfMeasure>100 גרם</UnitOfMeasure>
      <QtyInPackage>1</QtyInPackage>
      <ItemPrice>15.90</ItemPrice>
      <UnitOfMeasurePrice>2.12</UnitOfMeasurePrice>
      <AllowDiscount>1</AllowDiscount>
      <ItemStatus>1</ItemStatus>
    </Item>
    <Item>
      <PriceUpdateDate>2020-10-10 18:30</PriceUpdateDate>
      <ItemCode>7290017589565</ItemCode>
      <ItemType>1</ItemType>
      <ItemName>גוורצטרמינר קלאסיק 750 מ</ItemName>
      <ManufacturerName>יקבי ברקן</ManufacturerName>
      <ManufactureCountry>IL</ManufactureCountry>
      <ManufacturerItemDescription>גוורצטרמינר קלאס</ManufacturerItemDescription>
      <UnitQty>מיליליטרים</UnitQty>
      <Quantity>750.00</Quantity>
      <bIsWeighted>0</bIsWeighted>
      <UnitOfMeasure>100 מ"ל</UnitOfMeasure>
      <QtyInPackage>1</QtyInPackage>
      <ItemPrice>26.90</ItemPrice>
      <UnitOfMeasurePrice>3.59</UnitOfMeasurePrice>
      <AllowDiscount>1</AllowDiscount>
      <ItemStatus>1</ItemStatus>
    </Item>
    <Item>
      <PriceUpdateDate>2020-06-12 05:37</PriceUpdateDate>
      <ItemCode>7290017617053</ItemCode>
      <ItemType>1</ItemType>
      <ItemName>טונה טו גו עגב.עשבי 80גר</ItemName>
      <ManufacturerName>---</ManufacturerName>
      <ManufactureCountry>TH</ManufactureCountry>
      <ManufacturerItemDescription>טונה טו גו</ManufacturerItemDescription>
      <UnitQty>גרמים</UnitQty>
      <Quantity>80.00</Quantity>
      <bIsWeighted>0</bIsWeighted>
      <UnitOfMeasure>100 גרם</UnitOfMeasure>
      <QtyInPackage>1</QtyInPackage>
      <ItemPrice>9.90</ItemPrice>
      <UnitOfMeasurePrice>12.38</UnitOfMeasurePrice>
      <AllowDiscount>1</AllowDiscount>
      <ItemStatus>1</ItemStatus>
    </Item>
    <Item>
      <PriceUpdateDate>2020-06-12 05:37</PriceUpdateDate>
      <ItemCode>7290017617060</ItemCode>
      <ItemType>1</ItemType>
      <ItemName>טונה טו גו לימון+תימין80</ItemName>
      <ManufacturerName>---</ManufacturerName>
      <ManufactureCountry>TH</ManufactureCountry>
      <ManufacturerItemDescription>טונה טו גו לימון</ManufacturerItemDescription>
      <UnitQty>גרמים</UnitQty>
      <Quantity>80.00</Quantity>
      <bIsWeighted>0</bIsWeighted>
      <UnitOfMeasure>100 גרם</UnitOfMeasure>
      <QtyInPackage>1</QtyInPackage>
      <ItemPrice>9.90</ItemPrice>
      <UnitOfMeasurePrice>12.38</UnitOfMeasurePrice>
      <AllowDiscount>1</AllowDiscount>
      <ItemStatus>1</ItemStatus>
    </Item>
    <Item>
      <PriceUpdateDate>2020-04-21 11:55</PriceUpdateDate>
      <ItemCode>7290017637150</ItemCode>
      <ItemType>1</ItemType>
      <ItemName>ג'ל אלכוהול משאבה 500 מ"</ItemName>
      <ManufacturerName>שניב תעשיות נייר</ManufacturerName>
      <ManufactureCountry>IL</ManufactureCountry>
      <ManufacturerItemDescription>ג'ל אלכוהול משאב</ManufacturerItemDescription>
      <UnitQty>מיליליטרים</UnitQty>
      <Quantity>500.00</Quantity>
      <bIsWeighted>0</bIsWeighted>
      <UnitOfMeasure>100 מ"ל</UnitOfMeasure>
      <QtyInPackage>1</QtyInPackage>
      <ItemPrice>19.90</ItemPrice>
      <UnitOfMeasurePrice>3.98</UnitOfMeasurePrice>
      <AllowDiscount>1</AllowDiscount>
      <ItemStatus>1</ItemStatus>
    </Item>
    <Item>
      <PriceUpdateDate>2019-07-29 10:31</PriceUpdateDate>
      <ItemCode>7290017812106</ItemCode>
      <ItemType>1</ItemType>
      <ItemName>מוג'ו בלנד לבן ח.מתוק750</ItemName>
      <ManufacturerName>יקבי כרמל</ManufacturerName>
      <ManufactureCountry>IL</ManufactureCountry>
      <ManufacturerItemDescription>מוג'ו בלנד לבן</ManufacturerItemDescription>
      <UnitQty>מיליליטרים</UnitQty>
      <Quantity>750.00</Quantity>
      <bIsWeighted>0</bIsWeighted>
      <UnitOfMeasure>100 מ"ל</UnitOfMeasure>
      <QtyInPackage>1</QtyInPackage>
      <ItemPrice>36.90</ItemPrice>
      <UnitOfMeasurePrice>4.92</UnitOfMeasurePrice>
      <AllowDiscount>1</AllowDiscount>
      <ItemStatus>1</ItemStatus>
    </Item>
    <Item>
      <PriceUpdateDate>2020-02-14 05:36</PriceUpdateDate>
      <ItemCode>7290017812571</ItemCode>
      <ItemType>1</ItemType>
      <ItemName>מיץ ענבים תירוש אדום 1 ל</ItemName>
      <ManufacturerName>יקבי כרמל</ManufacturerName>
      <ManufactureCountry>IL</ManufactureCountry>
      <ManufacturerItemDescription>תירוש כרמל אדום</ManufacturerItemDescription>
      <UnitQty>ליטרים</UnitQty>
      <Quantity>1.00</Quantity>
      <bIsWeighted>0</bIsWeighted>
      <UnitOfMeasure>ליטר</UnitOfMeasure>
      <QtyInPackage>1</QtyInPackage>
      <ItemPrice>19.90</ItemPrice>
      <UnitOfMeasurePrice>19.90</UnitOfMeasurePrice>
      <AllowDiscount>1</AllowDiscount>
      <ItemStatus>1</ItemStatus>
    </Item>
    <Item>
      <PriceUpdateDate>2020-04-03 05:37</PriceUpdateDate>
      <ItemCode>7290017872223</ItemCode>
      <ItemType>1</ItemType>
      <ItemName>פמלי ג'ל לניקוי ידיים200</ItemName>
      <ManufacturerName>---</ManufacturerName>
      <ManufactureCountry>TR</ManufactureCountry>
      <ManufacturerItemDescription>פמלי ג'ל לניקוי</ManufacturerItemDescription>
      <UnitQty>מיליליטרים</UnitQty>
      <Quantity>200.00</Quantity>
      <bIsWeighted>0</bIsWeighted>
      <UnitOfMeasure>100 מ"ל</UnitOfMeasure>
      <QtyInPackage>1</QtyInPackage>
      <ItemPrice>14.90</ItemPrice>
      <UnitOfMeasurePrice>7.45</UnitOfMeasurePrice>
      <AllowDiscount>1</AllowDiscount>
      <ItemStatus>1</ItemStatus>
    </Item>
    <Item>
      <PriceUpdateDate>2019-10-29 08:24</PriceUpdateDate>
      <ItemCode>7290017888385</ItemCode>
      <ItemType>1</ItemType>
      <ItemName>תפוזינה וואו תפוזים1.5ל</ItemName>
      <ManufacturerName>יפאורה תבורי בע"\מ</ManufacturerName>
      <ManufactureCountry>IL</ManufactureCountry>
      <ManufacturerItemDescription>תפוזינה תפוזים</ManufacturerItemDescription>
      <UnitQty>ליטרים</UnitQty>
      <Quantity>1.50</Quantity>
      <bIsWeighted>0</bIsWeighted>
      <UnitOfMeasure>ליטר</UnitOfMeasure>
      <QtyInPackage>1</QtyInPackage>
      <ItemPrice>6.90</ItemPrice>
      <UnitOfMeasurePrice>4.60</UnitOfMeasurePrice>
      <AllowDiscount>1</AllowDiscount>
      <ItemStatus>1</ItemStatus>
    </Item>
    <Item>
      <PriceUpdateDate>2019-10-29 08:24</PriceUpdateDate>
      <ItemCode>7290017888392</ItemCode>
      <ItemType>1</ItemType>
      <ItemName>תפוזינה וואו אשכוליות1.5</ItemName>
      <ManufacturerName>יפאורה תבורי בע"\מ</ManufacturerName>
      <ManufactureCountry>IL</ManufactureCountry>
      <ManufacturerItemDescription>תפוזינה אשכוליות</ManufacturerItemDescription>
      <UnitQty>ליטרים</UnitQty>
      <Quantity>1.50</Quantity>
      <bIsWeighted>0</bIsWeighted>
      <UnitOfMeasure>ליטר</UnitOfMeasure>
      <QtyInPackage>1</QtyInPackage>
      <ItemPrice>6.90</ItemPrice>
      <UnitOfMeasurePrice>4.60</UnitOfMeasurePrice>
      <AllowDiscount>1</AllowDiscount>
      <ItemStatus>1</ItemStatus>
    </Item>
    <Item>
      <PriceUpdateDate>2019-10-29 08:24</PriceUpdateDate>
      <ItemCode>7290017888408</ItemCode>
      <ItemType>1</ItemType>
      <ItemName>תפוזינה וואו לימונענע1.5</ItemName>
      <ManufacturerName>יפאורה תבורי בע"\מ</ManufacturerName>
      <ManufactureCountry>IL</ManufactureCountry>
      <ManufacturerItemDescription>תפוזינה לימון</ManufacturerItemDescription>
      <UnitQty>ליטרים</UnitQty>
      <Quantity>1.50</Quantity>
      <bIsWeighted>0</bIsWeighted>
      <UnitOfMeasure>ליטר</UnitOfMeasure>
      <QtyInPackage>1</QtyInPackage>
      <ItemPrice>6.90</ItemPrice>
      <UnitOfMeasurePrice>4.60</UnitOfMeasurePrice>
      <AllowDiscount>1</AllowDiscount>
      <ItemStatus>1</ItemStatus>
    </Item>
    <Item>
      <PriceUpdateDate>2019-12-20 05:38</PriceUpdateDate>
      <ItemCode>7290017928821</ItemCode>
      <ItemType>1</ItemType>
      <ItemName>גריסיני קלאסי 200 גרם</ItemName>
      <ManufacturerName>מאיר בייגל</ManufacturerName>
      <ManufactureCountry>IL</ManufactureCountry>
      <ManufacturerItemDescription>גריסיני קלאסי</ManufacturerItemDescription>
      <UnitQty>גרמים</UnitQty>
      <Quantity>200.00</Quantity>
      <bIsWeighted>0</bIsWeighted>
      <UnitOfMeasure>100 גרם</UnitOfMeasure>
      <QtyInPackage>1</QtyInPackage>
      <ItemPrice>12.90</ItemPrice>
      <UnitOfMeasurePrice>6.45</UnitOfMeasurePrice>
      <AllowDiscount>1</AllowDiscount>
      <ItemStatus>1</ItemStatus>
    </Item>
    <Item>
      <PriceUpdateDate>2020-03-16 11:10</PriceUpdateDate>
      <ItemCode>7290017947105</ItemCode>
      <ItemType>1</ItemType>
      <ItemName>לחם בסגנון אמריקה 500 גר</ItemName>
      <ManufacturerName>מאפיית שלמה א. אנג'\ל בע</ManufacturerName>
      <ManufactureCountry>IL</ManufactureCountry>
      <ManufacturerItemDescription>לחם סגנון אמריקה</ManufacturerItemDescription>
      <UnitQty>גרמים</UnitQty>
      <Quantity>500.00</Quantity>
      <bIsWeighted>0</bIsWeighted>
      <UnitOfMeasure>100 גרם</UnitOfMeasure>
      <QtyInPackage>1</QtyInPackage>
      <ItemPrice>13.90</ItemPrice>
      <UnitOfMeasurePrice>2.78</UnitOfMeasurePrice>
      <AllowDiscount>1</AllowDiscount>
      <ItemStatus>1</ItemStatus>
    </Item>
    <Item>
      <PriceUpdateDate>2020-09-23 09:25</PriceUpdateDate>
      <ItemCode>7290017947464</ItemCode>
      <ItemType>1</ItemType>
      <ItemName>פיתות כוסמין 8יח 400 גרם</ItemName>
      <ManufacturerName>מאפיית שלמה א.אנג'\ל בע\</ManufacturerName>
      <ManufactureCountry>IL</ManufactureCountry>
      <ManufacturerItemDescription>פיתות כוסמין</ManufacturerItemDescription>
      <UnitQty>גרמים</UnitQty>
      <Quantity>400.00</Quantity>
      <bIsWeighted>0</bIsWeighted>
      <UnitOfMeasure>100 גרם</UnitOfMeasure>
      <QtyInPackage>1</QtyInPackage>
      <ItemPrice>16.90</ItemPrice>
      <UnitOfMeasurePrice>4.23</UnitOfMeasurePrice>
      <AllowDiscount>1</AllowDiscount>
      <ItemStatus>1</ItemStatus>
    </Item>
    <Item>
      <PriceUpdateDate>2020-02-10 12:22</PriceUpdateDate>
      <ItemCode>7290017947891</ItemCode>
      <ItemType>1</ItemType>
      <ItemName>לחם כוסמין+חיטה מלאה750ג</ItemName>
      <ManufacturerName>מאפיית שלמה א. אנג'\ל בע</ManufacturerName>
      <ManufactureCountry>IL</ManufactureCountry>
      <ManufacturerItemDescription>אנג'ל  כוסמין</ManufacturerItemDescription>
      <UnitQty>גרמים</UnitQty>
      <Quantity>750.00</Quantity>
      <bIsWeighted>0</bIsWeighted>
      <UnitOfMeasure>100 גרם</UnitOfMeasure>
      <QtyInPackage>1</QtyInPackage>
      <ItemPrice>15.90</ItemPrice>
      <UnitOfMeasurePrice>2.12</UnitOfMeasurePrice>
      <AllowDiscount>1</AllowDiscount>
      <ItemStatus>1</ItemStatus>
    </Item>
    <Item>
      <PriceUpdateDate>2020-05-28 05:35</PriceUpdateDate>
      <ItemCode>7290017947921</ItemCode>
      <ItemType>1</ItemType>
      <ItemName>לחמנ.המבורגר אמריקה75*6ג</ItemName>
      <ManufacturerName>מאפיית שלמה א. אנג'\ל בע</ManufacturerName>
      <ManufactureCountry>IL</ManufactureCountry>
      <ManufacturerItemDescription>לחמניות המבורגר</ManufacturerItemDescription>
      <UnitQty>גרמים</UnitQty>
      <Quantity>450.00</Quantity>
      <bIsWeighted>0</bIsWeighted>
      <UnitOfMeasure>100 גרם</UnitOfMeasure>
      <QtyInPackage>1</QtyInPackage>
      <ItemPrice>13.90</ItemPrice>
      <UnitOfMeasurePrice>3.09</UnitOfMeasurePrice>
      <AllowDiscount>1</AllowDiscount>
      <ItemStatus>1</ItemStatus>
    </Item>
    <Item>
      <PriceUpdateDate>2019-12-27 05:39</PriceUpdateDate>
      <ItemCode>7290018077665</ItemCode>
      <ItemType>1</ItemType>
      <ItemName>בייגל רומני .</ItemName>
      <ManufacturerName>גידרון</ManufacturerName>
      <ManufactureCountry>IL</ManufactureCountry>
      <ManufacturerItemDescription>בייגל רומני</ManufacturerItemDescription>
      <UnitQty>יחידה</UnitQty>
      <Quantity>1.00</Quantity>
      <bIsWeighted>0</bIsWeighted>
      <UnitOfMeasure>יחידה</UnitOfMeasure>
      <QtyInPackage>1</QtyInPackage>
      <ItemPrice>5.50</ItemPrice>
      <UnitOfMeasurePrice>5.50</UnitOfMeasurePrice>
      <AllowDiscount>1</AllowDiscount>
      <ItemStatus>1</ItemStatus>
    </Item>
    <Item>
      <PriceUpdateDate>2020-10-10 18:30</PriceUpdateDate>
      <ItemCode>7290018091616</ItemCode>
      <ItemType>1</ItemType>
      <ItemName>מקלות פילו גבינה 450 גרם</ItemName>
      <ManufacturerName>מעדנות בע"\מ</ManufacturerName>
      <ManufactureCountry>IL</ManufactureCountry>
      <ManufacturerItemDescription>מקלות פילו גבינה</ManufacturerItemDescription>
      <UnitQty>גרמים</UnitQty>
      <Quantity>450.00</Quantity>
      <bIsWeighted>0</bIsWeighted>
      <UnitOfMeasure>100 גרם</UnitOfMeasure>
      <QtyInPackage>1</QtyInPackage>
      <ItemPrice>16.90</ItemPrice>
      <UnitOfMeasurePrice>3.76</UnitOfMeasurePrice>
      <AllowDiscount>1</AllowDiscount>
      <ItemStatus>1</ItemStatus>
    </Item>
    <Item>
      <PriceUpdateDate>2020-02-17 01:06</PriceUpdateDate>
      <ItemCode>7290018131138</ItemCode>
      <ItemType>1</ItemType>
      <ItemName>לה קרמריה שוקולד וניל וו</ItemName>
      <ManufacturerName>גלידות נסטלה )נגה גלידות</ManufacturerName>
      <ManufactureCountry>IL</ManufactureCountry>
      <ManufacturerItemDescription>לה קרמריה שוקולד</ManufacturerItemDescription>
      <UnitQty>ליטרים</UnitQty>
      <Quantity>1.40</Quantity>
      <bIsWeighted>0</bIsWeighted>
      <UnitOfMeasure>ליטר</UnitOfMeasure>
      <QtyInPackage>1</QtyInPackage>
      <ItemPrice>23.90</ItemPrice>
      <UnitOfMeasurePrice>17.07</UnitOfMeasurePrice>
      <AllowDiscount>1</AllowDiscount>
      <ItemStatus>1</ItemStatus>
    </Item>
    <Item>
      <PriceUpdateDate>2020-05-05 08:55</PriceUpdateDate>
      <ItemCode>7290018131251</ItemCode>
      <ItemType>1</ItemType>
      <ItemName>אקסטרים מטבע שוקולד וליב</ItemName>
      <ManufacturerName>גלידות נסטלה )נגה גלידות</ManufacturerName>
      <ManufactureCountry>IL</ManufactureCountry>
      <ManufacturerItemDescription>אקסטרים מטבע שוק</ManufacturerItemDescription>
      <UnitQty>יחידה</UnitQty>
      <Quantity>1.00</Quantity>
      <bIsWeighted>0</bIsWeighted>
      <UnitOfMeasure>יחידה</UnitOfMeasure>
      <QtyInPackage>1</QtyInPackage>
      <ItemPrice>10.00</ItemPrice>
      <UnitOfMeasurePrice>10.00</UnitOfMeasurePrice>
      <AllowDiscount>1</AllowDiscount>
      <ItemStatus>1</ItemStatus>
    </Item>
    <Item>
      <PriceUpdateDate>2020-05-05 08:55</PriceUpdateDate>
      <ItemCode>7290018131442</ItemCode>
      <ItemType>1</ItemType>
      <ItemName>שלגון מילקה שוקו וניל</ItemName>
      <ManufacturerName>פרונרי ספרד</ManufacturerName>
      <ManufactureCountry>ES</ManufactureCountry>
      <ManufacturerItemDescription>שלגון מילקה שוקו</ManufacturerItemDescription>
      <UnitQty>יחידה</UnitQty>
      <Quantity>1.00</Quantity>
      <bIsWeighted>0</bIsWeighted>
      <UnitOfMeasure>יחידה</UnitOfMeasure>
      <QtyInPackage>1</QtyInPackage>
      <ItemPrice>10.00</ItemPrice>
      <UnitOfMeasurePrice>10.00</UnitOfMeasurePrice>
      <AllowDiscount>1</AllowDiscount>
      <ItemStatus>1</ItemStatus>
    </Item>
    <Item>
      <PriceUpdateDate>2020-04-03 05:37</PriceUpdateDate>
      <ItemCode>7290018343487</ItemCode>
      <ItemType>1</ItemType>
      <ItemName>אלכו ג'ל  בשפורפרת H 75מ</ItemName>
      <ManufacturerName>---</ManufacturerName>
      <ManufactureCountry>IL</ManufactureCountry>
      <ManufacturerItemDescription>אלכו ג'ל H 75מ"ל</ManufacturerItemDescription>
      <UnitQty>מיליליטרים</UnitQty>
      <Quantity>75.00</Quantity>
      <bIsWeighted>0</bIsWeighted>
      <UnitOfMeasure>100 מ"ל</UnitOfMeasure>
      <QtyInPackage>1</QtyInPackage>
      <ItemPrice>9.90</ItemPrice>
      <UnitOfMeasurePrice>13.20</UnitOfMeasurePrice>
      <AllowDiscount>1</AllowDiscount>
      <ItemStatus>1</ItemStatus>
    </Item>
    <Item>
      <PriceUpdateDate>2018-03-06 07:23</PriceUpdateDate>
      <ItemCode>7290100243671</ItemCode>
      <ItemType>1</ItemType>
      <ItemName>בדין אקסטרה כחול 960 מ"ל</ItemName>
      <ManufacturerName>יוניליוור</ManufacturerName>
      <ManufactureCountry>TR</ManufactureCountry>
      <ManufacturerItemDescription>מרכך כביסה בדין</ManufacturerItemDescription>
      <UnitQty>מיליליטרים</UnitQty>
      <Quantity>960.00</Quantity>
      <bIsWeighted>0</bIsWeighted>
      <UnitOfMeasure>100 מ"ל</UnitOfMeasure>
      <QtyInPackage>0</QtyInPackage>
      <ItemPrice>17.90</ItemPrice>
      <UnitOfMeasurePrice>1.86</UnitOfMeasurePrice>
      <AllowDiscount>1</AllowDiscount>
      <ItemStatus>1</ItemStatus>
    </Item>
    <Item>
      <PriceUpdateDate>2018-03-06 07:23</PriceUpdateDate>
      <ItemCode>7290100243688</ItemCode>
      <ItemType>1</ItemType>
      <ItemName>בדין אקסטרה ורוד 960 מ"ל</ItemName>
      <ManufacturerName>יוניליוור</ManufacturerName>
      <ManufactureCountry>TR</ManufactureCountry>
      <ManufacturerItemDescription>מרכך כביסה בדין</ManufacturerItemDescription>
      <UnitQty>מיליליטרים</UnitQty>
      <Quantity>960.00</Quantity>
      <bIsWeighted>0</bIsWeighted>
      <UnitOfMeasure>100 מ"ל</UnitOfMeasure>
      <QtyInPackage>0</QtyInPackage>
      <ItemPrice>17.90</ItemPrice>
      <UnitOfMeasurePrice>1.86</UnitOfMeasurePrice>
      <AllowDiscount>1</AllowDiscount>
      <ItemStatus>1</ItemStatus>
    </Item>
    <Item>
      <PriceUpdateDate>2015-09-30 08:07</PriceUpdateDate>
      <ItemCode>7290100245231</ItemCode>
      <ItemType>1</ItemType>
      <ItemName>נמס בכוס ט.עוף ש.מרק50גר</ItemName>
      <ManufacturerName>יוניליוור</ManufacturerName>
      <ManufactureCountry>IL</ManufactureCountry>
      <ManufacturerItemDescription>נמס בכוס ט.עוף</ManufacturerItemDescription>
      <UnitQty>גרמים</UnitQty>
      <Quantity>50.00</Quantity>
      <bIsWeighted>0</bIsWeighted>
      <UnitOfMeasure>100 גרם</UnitOfMeasure>
      <QtyInPackage>0</QtyInPackage>
      <ItemPrice>7.80</ItemPrice>
      <UnitOfMeasurePrice>15.60</UnitOfMeasurePrice>
      <AllowDiscount>1</AllowDiscount>
      <ItemStatus>1</ItemStatus>
    </Item>
    <Item>
      <PriceUpdateDate>2014-07-21 07:12</PriceUpdateDate>
      <ItemCode>7290100247808</ItemCode>
      <ItemType>1</ItemType>
      <ItemName>נמס בכוס ט.עוף אקסטרה28ג</ItemName>
      <ManufacturerName>יוניליוור ישראל מזון בע\</ManufacturerName>
      <ManufactureCountry>IL</ManufactureCountry>
      <ManufacturerItemDescription>נמס בכוס טעם עוף</ManufacturerItemDescription>
      <UnitQty>גרמים</UnitQty>
      <Quantity>28.00</Quantity>
      <bIsWeighted>0</bIsWeighted>
      <UnitOfMeasure>100 גרם</UnitOfMeasure>
      <QtyInPackage>0</QtyInPackage>
      <ItemPrice>4.90</ItemPrice>
      <UnitOfMeasurePrice>17.50</UnitOfMeasurePrice>
      <AllowDiscount>1</AllowDiscount>
      <ItemStatus>1</ItemStatus>
    </Item>
    <Item>
      <PriceUpdateDate>2018-05-22 12:22</PriceUpdateDate>
      <ItemCode>7290100680667</ItemCode>
      <ItemType>1</ItemType>
      <ItemName>מנה חמה נודלס סצ'ואן76גר</ItemName>
      <ManufacturerName>PUB FOODS PRESIDENT THAI</ManufacturerName>
      <ManufactureCountry>TH</ManufactureCountry>
      <ManufacturerItemDescription>מנה חמה נודלס</ManufacturerItemDescription>
      <UnitQty>גרמים</UnitQty>
      <Quantity>76.00</Quantity>
      <bIsWeighted>0</bIsWeighted>
      <UnitOfMeasure>100 גרם</UnitOfMeasure>
      <QtyInPackage>0</QtyInPackage>
      <ItemPrice>6.90</ItemPrice>
      <UnitOfMeasurePrice>9.08</UnitOfMeasurePrice>
      <AllowDiscount>1</AllowDiscount>
      <ItemStatus>1</ItemStatus>
    </Item>
    <Item>
      <PriceUpdateDate>2015-09-30 08:04</PriceUpdateDate>
      <ItemCode>7290100680728</ItemCode>
      <ItemType>1</ItemType>
      <ItemName>פירורית רגילה 350 גרם</ItemName>
      <ManufacturerName>אסם השקעות בע"\מ</ManufacturerName>
      <ManufactureCountry>IL</ManufactureCountry>
      <ManufacturerItemDescription>פירורית אסם</ManufacturerItemDescription>
      <UnitQty>גרמים</UnitQty>
      <Quantity>350.00</Quantity>
      <bIsWeighted>0</bIsWeighted>
      <UnitOfMeasure>100 גרם</UnitOfMeasure>
      <QtyInPackage>0</QtyInPackage>
      <ItemPrice>8.10</ItemPrice>
      <UnitOfMeasurePrice>2.31</UnitOfMeasurePrice>
      <AllowDiscount>1</AllowDiscount>
      <ItemStatus>1</ItemStatus>
    </Item>
    <Item>
      <PriceUpdateDate>2020-10-10 21:30</PriceUpdateDate>
      <ItemCode>7290100685334</ItemCode>
      <ItemType>1</ItemType>
      <ItemName>מרק עוף רכיבים טבעיים400</ItemName>
      <ManufacturerName>אסם השקעות בע"\מ</ManufacturerName>
      <ManufactureCountry>IL</ManufactureCountry>
      <ManufacturerItemDescription>מרק עוף אמיתי</ManufacturerItemDescription>
      <UnitQty>גרמים</UnitQty>
      <Quantity>400.00</Quantity>
      <bIsWeighted>0</bIsWeighted>
      <UnitOfMeasure>100 גרם</UnitOfMeasure>
      <QtyInPackage>0</QtyInPackage>
      <ItemPrice>21.90</ItemPrice>
      <UnitOfMeasurePrice>5.48</UnitOfMeasurePrice>
      <AllowDiscount>1</AllowDiscount>
      <ItemStatus>1</ItemStatus>
    </Item>
    <Item>
      <PriceUpdateDate>2017-02-07 07:16</PriceUpdateDate>
      <ItemCode>7290100685341</ItemCode>
      <ItemType>1</ItemType>
      <ItemName>מרק ט.עוף רכ' טבעיים400ג</ItemName>
      <ManufacturerName>אסם השקעות בע"\מ</ManufacturerName>
      <ManufactureCountry>IL</ManufactureCountry>
      <ManufacturerItemDescription>מרק טעם עוף</ManufacturerItemDescription>
      <UnitQty>גרמים</UnitQty>
      <Quantity>400.00</Quantity>
      <bIsWeighted>0</bIsWeighted>
      <UnitOfMeasure>100 גרם</UnitOfMeasure>
      <QtyInPackage>0</QtyInPackage>
      <ItemPrice>18.90</ItemPrice>
      <UnitOfMeasurePrice>4.73</UnitOfMeasurePrice>
      <AllowDiscount>1</AllowDiscount>
      <ItemStatus>1</ItemStatus>
    </Item>
    <Item>
      <PriceUpdateDate>2013-12-10 06:24</PriceUpdateDate>
      <ItemCode>7290100687109</ItemCode>
      <ItemType>1</ItemType>
      <ItemName>במבה נוגט 60 גרם</ItemName>
      <ManufacturerName>אסם השקעות בע"\מ</ManufacturerName>
      <ManufactureCountry>IL</ManufactureCountry>
      <ManufacturerItemDescription>במבה נוגט</ManufacturerItemDescription>
      <UnitQty>גרמים</UnitQty>
      <Quantity>60.00</Quantity>
      <bIsWeighted>0</bIsWeighted>
      <UnitOfMeasure>100 גרם</UnitOfMeasure>
      <QtyInPackage>0</QtyInPackage>
      <ItemPrice>5.50</ItemPrice>
      <UnitOfMeasurePrice>9.17</UnitOfMeasurePrice>
      <AllowDiscount>1</AllowDiscount>
      <ItemStatus>1</ItemStatus>
    </Item>
    <Item>
      <PriceUpdateDate>2015-08-10 19:12</PriceUpdateDate>
      <ItemCode>7290100850008</ItemCode>
      <ItemType>1</ItemType>
      <ItemName>שוקולד חלב+סוכ.קופצות85ג</ItemName>
      <ManufacturerName>עלית</ManufacturerName>
      <ManufactureCountry>IL</ManufactureCountry>
      <ManufacturerItemDescription>שוקולד וסוכריות</ManufacturerItemDescription>
      <UnitQty>גרמים</UnitQty>
      <Quantity>85.00</Quantity>
      <bIsWeighted>0</bIsWeighted>
      <UnitOfMeasure>100 גרם</UnitOfMeasure>
      <QtyInPackage>0</QtyInPackage>
      <ItemPrice>6.60</ItemPrice>
      <UnitOfMeasurePrice>7.76</UnitOfMeasurePrice>
      <AllowDiscount>1</AllowDiscount>
      <ItemStatus>1</ItemStatus>
    </Item>
    <Item>
      <PriceUpdateDate>2018-05-22 12:22</PriceUpdateDate>
      <ItemCode>7290100850411</ItemCode>
      <ItemType>1</ItemType>
      <ItemName>מיקס חטיפים 190 גרם</ItemName>
      <ManufacturerName>עלית</ManufacturerName>
      <ManufactureCountry>IL</ManufactureCountry>
      <ManufacturerItemDescription>מיקס חטיפים</ManufacturerItemDescription>
      <UnitQty>גרמים</UnitQty>
      <Quantity>190.00</Quantity>
      <bIsWeighted>0</bIsWeighted>
      <UnitOfMeasure>100 גרם</UnitOfMeasure>
      <QtyInPackage>0</QtyInPackage>
      <ItemPrice>16.90</ItemPrice>
      <UnitOfMeasurePrice>8.89</UnitOfMeasurePrice>
      <AllowDiscount>1</AllowDiscount>
      <ItemStatus>1</ItemStatus>
    </Item>
    <Item>
      <PriceUpdateDate>2017-02-07 07:16</PriceUpdateDate>
      <ItemCode>7290100850916</ItemCode>
      <ItemType>1</ItemType>
      <ItemName>דוריטוס חמוץ חריף 70 גרם</ItemName>
      <ManufacturerName>שטראוס פריטו ליי בע"\מ )</ManufacturerName>
      <ManufactureCountry>IL</ManufactureCountry>
      <ManufacturerItemDescription>דוריטוס חמוץ ח</ManufacturerItemDescription>
      <UnitQty>גרמים</UnitQty>
      <Quantity>70.00</Quantity>
      <bIsWeighted>0</bIsWeighted>
      <UnitOfMeasure>100 גרם</UnitOfMeasure>
      <QtyInPackage>0</QtyInPackage>
      <ItemPrice>4.10</ItemPrice>
      <UnitOfMeasurePrice>5.86</UnitOfMeasurePrice>
      <AllowDiscount>1</AllowDiscount>
      <ItemStatus>1</ItemStatus>
    </Item>
    <Item>
      <PriceUpdateDate>2017-02-07 07:16</PriceUpdateDate>
      <ItemCode>7290100850923</ItemCode>
      <ItemType>1</ItemType>
      <ItemName>דוריטוס גריל 70 גרם</ItemName>
      <ManufacturerName>שטראוס פריטו ליי בע"\מ )</ManufacturerName>
      <ManufactureCountry>IL</ManufactureCountry>
      <ManufacturerItemDescription>דוריטוס גריל</ManufacturerItemDescription>
      <UnitQty>גרמים</UnitQty>
      <Quantity>70.00</Quantity>
      <bIsWeighted>0</bIsWeighted>
      <UnitOfMeasure>100 גרם</UnitOfMeasure>
      <QtyInPackage>0</QtyInPackage>
      <ItemPrice>4.10</ItemPrice>
      <UnitOfMeasurePrice>5.86</UnitOfMeasurePrice>
      <AllowDiscount>1</AllowDiscount>
      <ItemStatus>1</ItemStatus>
    </Item>
    <Item>
      <PriceUpdateDate>2017-02-07 07:16</PriceUpdateDate>
      <ItemCode>7290100850930</ItemCode>
      <ItemType>1</ItemType>
      <ItemName>דוריטוס בטעם טבעי 70 גרם</ItemName>
      <ManufacturerName>שטראוס פריטו ליי בע"\מ )</ManufacturerName>
      <ManufactureCountry>IL</ManufactureCountry>
      <ManufacturerItemDescription>חטיף דוריטוס</ManufacturerItemDescription>
      <UnitQty>גרמים</UnitQty>
      <Quantity>70.00</Quantity>
      <bIsWeighted>0</bIsWeighted>
      <UnitOfMeasure>100 גרם</UnitOfMeasure>
      <QtyInPackage>0</QtyInPackage>
      <ItemPrice>4.10</ItemPrice>
      <UnitOfMeasurePrice>5.86</UnitOfMeasurePrice>
      <AllowDiscount>1</AllowDiscount>
      <ItemStatus>1</ItemStatus>
    </Item>
    <Item>
      <PriceUpdateDate>2018-02-21 10:09</PriceUpdateDate>
      <ItemCode>7290100858653</ItemCode>
      <ItemType>1</ItemType>
      <ItemName>מיקס חטיפים סגול 390 גרם</ItemName>
      <ManufacturerName>שטראוס</ManufacturerName>
      <ManufactureCountry>IL</ManufactureCountry>
      <ManufacturerItemDescription>מיקס חטיפים</ManufacturerItemDescription>
      <UnitQty>גרמים</UnitQty>
      <Quantity>390.00</Quantity>
      <bIsWeighted>0</bIsWeighted>
      <UnitOfMeasure>100 גרם</UnitOfMeasure>
      <QtyInPackage>0</QtyInPackage>
      <ItemPrice>24.90</ItemPrice>
      <UnitOfMeasurePrice>6.38</UnitOfMeasurePrice>
      <AllowDiscount>1</AllowDiscount>
      <ItemStatus>1</ItemStatus>
    </Item>
    <Item>
      <PriceUpdateDate>2015-09-30 08:14</PriceUpdateDate>
      <ItemCode>7290100921609</ItemCode>
      <ItemType>1</ItemType>
      <ItemName>סבון אסלה סוד אוקיינוס50</ItemName>
      <ManufacturerName>הנקל סוד בע"\מ</ManufacturerName>
      <ManufactureCountry>RS</ManufactureCountry>
      <ManufacturerItemDescription>סבון אסלה סוד</ManufacturerItemDescription>
      <UnitQty>גרמים</UnitQty>
      <Quantity>50.00</Quantity>
      <bIsWeighted>0</bIsWeighted>
      <UnitOfMeasure>100 גרם</UnitOfMeasure>
      <QtyInPackage>0</QtyInPackage>
      <ItemPrice>10.20</ItemPrice>
      <UnitOfMeasurePrice>20.40</UnitOfMeasurePrice>
      <AllowDiscount>1</AllowDiscount>
      <ItemStatus>1</ItemStatus>
    </Item>
    <Item>
      <PriceUpdateDate>2015-09-30 08:14</PriceUpdateDate>
      <ItemCode>7290100921623</ItemCode>
      <ItemType>1</ItemType>
      <ItemName>סבון אסלה אקונומיקה 50גר</ItemName>
      <ManufacturerName>הנקל סוד בע"\מ</ManufacturerName>
      <ManufactureCountry>HU</ManufactureCountry>
      <ManufacturerItemDescription>סבון אסלה סוד</ManufacturerItemDescription>
      <UnitQty>גרמים</UnitQty>
      <Quantity>50.00</Quantity>
      <bIsWeighted>0</bIsWeighted>
      <UnitOfMeasure>100 גרם</UnitOfMeasure>
      <QtyInPackage>0</QtyInPackage>
      <ItemPrice>10.20</ItemPrice>
      <UnitOfMeasurePrice>20.40</UnitOfMeasurePrice>
      <AllowDiscount>1</AllowDiscount>
      <ItemStatus>1</ItemStatus>
    </Item>
    <Item>
      <PriceUpdateDate>2020-08-04 16:29</PriceUpdateDate>
      <ItemCode>7290101488323</ItemCode>
      <ItemType>1</ItemType>
      <ItemName>ליידי ספיד סטיק סגול 65ג</ItemName>
      <ManufacturerName>קולגייט פלמוליב</ManufacturerName>
      <ManufactureCountry>US</ManufactureCountry>
      <ManufacturerItemDescription>ליידי ספיד סטיק</ManufacturerItemDescription>
      <UnitQty>גרמים</UnitQty>
      <Quantity>65.00</Quantity>
      <bIsWeighted>0</bIsWeighted>
      <UnitOfMeasure>100 גרם</UnitOfMeasure>
      <QtyInPackage>0</QtyInPackage>
      <ItemPrice>21.90</ItemPrice>
      <UnitOfMeasurePrice>33.69</UnitOfMeasurePrice>
      <AllowDiscount>1</AllowDiscount>
      <ItemStatus>1</ItemStatus>
    </Item>
    <Item>
      <PriceUpdateDate>2018-10-22 05:39</PriceUpdateDate>
      <ItemCode>7290101551539</ItemCode>
      <ItemType>1</ItemType>
      <ItemName>דנונה פרו+חלבון אפרסק200</ItemName>
      <ManufacturerName>שטראוס בריאות בע"מ</ManufacturerName>
      <ManufactureCountry>IL</ManufactureCountry>
      <ManufacturerItemDescription>דנונה פרו אפרסק</ManufacturerItemDescription>
      <UnitQty>גרמים</UnitQty>
      <Quantity>200.00</Quantity>
      <bIsWeighted>0</bIsWeighted>
      <UnitOfMeasure>100 גרם</UnitOfMeasure>
      <QtyInPackage>1</QtyInPackage>
      <ItemPrice>6.20</ItemPrice>
      <UnitOfMeasurePrice>3.10</UnitOfMeasurePrice>
      <AllowDiscount>1</AllowDiscount>
      <ItemStatus>1</ItemStatus>
    </Item>
    <Item>
      <PriceUpdateDate>2018-10-21 09:05</PriceUpdateDate>
      <ItemCode>7290101551584</ItemCode>
      <ItemType>1</ItemType>
      <ItemName>תפוצ'יפס קידס 20*10 גרם</ItemName>
      <ManufacturerName>שטראוס פריטו ליי בע"מ )פ</ManufacturerName>
      <ManufactureCountry>IL</ManufactureCountry>
      <ManufacturerItemDescription>תפוצ'יפס קידס10*</ManufacturerItemDescription>
      <UnitQty>גרמים</UnitQty>
      <Quantity>200.00</Quantity>
      <bIsWeighted>0</bIsWeighted>
      <UnitOfMeasure>100 גרם</UnitOfMeasure>
      <QtyInPackage>1</QtyInPackage>
      <ItemPrice>15.90</ItemPrice>
      <UnitOfMeasurePrice>7.95</UnitOfMeasurePrice>
      <AllowDiscount>1</AllowDiscount>
      <ItemStatus>1</ItemStatus>
    </Item>
    <Item>
      <PriceUpdateDate>2016-12-07 10:19</PriceUpdateDate>
      <ItemCode>7290101865261</ItemCode>
      <ItemType>1</ItemType>
      <ItemName>פיניש נוזל הברקה 800 מ"ל</ItemName>
      <ManufacturerName>רקיט בנקיזר</ManufacturerName>
      <ManufactureCountry>PL</ManufactureCountry>
      <ManufacturerItemDescription>פיניש נוזל הברקה</ManufacturerItemDescription>
      <UnitQty>מיליליטרים</UnitQty>
      <Quantity>800.00</Quantity>
      <bIsWeighted>0</bIsWeighted>
      <UnitOfMeasure>100 מ"ל</UnitOfMeasure>
      <QtyInPackage>0</QtyInPackage>
      <ItemPrice>20.90</ItemPrice>
      <UnitOfMeasurePrice>2.61</UnitOfMeasurePrice>
      <AllowDiscount>1</AllowDiscount>
      <ItemStatus>1</ItemStatus>
    </Item>
    <Item>
      <PriceUpdateDate>2017-12-05 11:56</PriceUpdateDate>
      <ItemCode>7290101866633</ItemCode>
      <ItemType>1</ItemType>
      <ItemName>מסיר כתמים ג'ל וניש קליה</ItemName>
      <ManufacturerName>רקיט בנקיזר</ManufacturerName>
      <ManufactureCountry>IL</ManufactureCountry>
      <ManufacturerItemDescription>מסיר כתמים וניש</ManufacturerItemDescription>
      <UnitQty>ליטרים</UnitQty>
      <Quantity>3.00</Quantity>
      <bIsWeighted>0</bIsWeighted>
      <UnitOfMeasure>ליטר</UnitOfMeasure>
      <QtyInPackage>0</QtyInPackage>
      <ItemPrice>27.90</ItemPrice>
      <UnitOfMeasurePrice>9.30</UnitOfMeasurePrice>
      <AllowDiscount>1</AllowDiscount>
      <ItemStatus>1</ItemStatus>
    </Item>
    <Item>
      <PriceUpdateDate>2015-09-30 08:05</PriceUpdateDate>
      <ItemCode>7290101982418</ItemCode>
      <ItemType>1</ItemType>
      <ItemName>ספריי ממתק קיטי</ItemName>
      <ManufacturerName />
      <ManufactureCountry />
      <ManufacturerItemDescription>ספריי ממתק קיטי</ManufacturerItemDescription>
      <UnitQty>גרמים</UnitQty>
      <Quantity>20.00</Quantity>
      <bIsWeighted>0</bIsWeighted>
      <UnitOfMeasure>100 גרם</UnitOfMeasure>
      <QtyInPackage>0</QtyInPackage>
      <ItemPrice>5.80</ItemPrice>
      <UnitOfMeasurePrice>29.00</UnitOfMeasurePrice>
      <AllowDiscount>1</AllowDiscount>
      <ItemStatus>1</ItemStatus>
    </Item>
    <Item>
      <PriceUpdateDate>2015-09-30 08:11</PriceUpdateDate>
      <ItemCode>7290102031276</ItemCode>
      <ItemType>1</ItemType>
      <ItemName>אקטימל תות בננה 100*8מ"ל</ItemName>
      <ManufacturerName>שטראוס גרופ בע"\מ</ManufacturerName>
      <ManufactureCountry>IL</ManufactureCountry>
      <ManufacturerItemDescription>אקטימל 8 יח</ManufacturerItemDescription>
      <UnitQty>מיליליטרים</UnitQty>
      <Quantity>800.00</Quantity>
      <bIsWeighted>0</bIsWeighted>
      <UnitOfMeasure>100 מ"ל</UnitOfMeasure>
      <QtyInPackage>0</QtyInPackage>
      <ItemPrice>22.70</ItemPrice>
      <UnitOfMeasurePrice>2.84</UnitOfMeasurePrice>
      <AllowDiscount>1</AllowDiscount>
      <ItemStatus>1</ItemStatus>
    </Item>
    <Item>
      <PriceUpdateDate>2014-03-30 12:04</PriceUpdateDate>
      <ItemCode>7290102390427</ItemCode>
      <ItemType>1</ItemType>
      <ItemName>יוגורט תות מולר 150 מ"ל</ItemName>
      <ManufacturerName>טרה</ManufacturerName>
      <ManufactureCountry>IL</ManufactureCountry>
      <ManufacturerItemDescription>יוגורט מולר תות</ManufacturerItemDescription>
      <UnitQty>מיליליטרים</UnitQty>
      <Quantity>150.00</Quantity>
      <bIsWeighted>0</bIsWeighted>
      <UnitOfMeasure>100 מ"ל</UnitOfMeasure>
      <QtyInPackage>0</QtyInPackage>
      <ItemPrice>5.20</ItemPrice>
      <UnitOfMeasurePrice>3.47</UnitOfMeasurePrice>
      <AllowDiscount>1</AllowDiscount>
      <ItemStatus>1</ItemStatus>
    </Item>
    <Item>
      <PriceUpdateDate>2014-03-30 12:04</PriceUpdateDate>
      <ItemCode>7290102390465</ItemCode>
      <ItemType>1</ItemType>
      <ItemName>יוג.קציפת אפרסק+פסיפל150</ItemName>
      <ManufacturerName>טרה</ManufacturerName>
      <ManufactureCountry>IL</ManufactureCountry>
      <ManufacturerItemDescription>יוגורט מולר</ManufacturerItemDescription>
      <UnitQty>מיליליטרים</UnitQty>
      <Quantity>150.00</Quantity>
      <bIsWeighted>0</bIsWeighted>
      <UnitOfMeasure>100 מ"ל</UnitOfMeasure>
      <QtyInPackage>0</QtyInPackage>
      <ItemPrice>5.20</ItemPrice>
      <UnitOfMeasurePrice>3.47</UnitOfMeasurePrice>
      <AllowDiscount>1</AllowDiscount>
      <ItemStatus>1</ItemStatus>
    </Item>
    <Item>
      <PriceUpdateDate>2014-03-30 12:04</PriceUpdateDate>
      <ItemCode>7290102390489</ItemCode>
      <ItemType>1</ItemType>
      <ItemName>יוגורט לימון מולר 150מ"ל</ItemName>
      <ManufacturerName>טרה</ManufacturerName>
      <ManufactureCountry>IL</ManufactureCountry>
      <ManufacturerItemDescription>יוגורט לימון</ManufacturerItemDescription>
      <UnitQty>מיליליטרים</UnitQty>
      <Quantity>150.00</Quantity>
      <bIsWeighted>0</bIsWeighted>
      <UnitOfMeasure>100 מ"ל</UnitOfMeasure>
      <QtyInPackage>0</QtyInPackage>
      <ItemPrice>5.20</ItemPrice>
      <UnitOfMeasurePrice>3.47</UnitOfMeasurePrice>
      <AllowDiscount>1</AllowDiscount>
      <ItemStatus>1</ItemStatus>
    </Item>
    <Item>
      <PriceUpdateDate>2014-03-30 12:04</PriceUpdateDate>
      <ItemCode>7290102391844</ItemCode>
      <ItemType>1</ItemType>
      <ItemName>יוגורט מולר פירות יער150</ItemName>
      <ManufacturerName>טרה</ManufacturerName>
      <ManufactureCountry>IL</ManufactureCountry>
      <ManufacturerItemDescription>יוגורט מולר</ManufacturerItemDescription>
      <UnitQty>מיליליטרים</UnitQty>
      <Quantity>150.00</Quantity>
      <bIsWeighted>0</bIsWeighted>
      <UnitOfMeasure>100 מ"ל</UnitOfMeasure>
      <QtyInPackage>0</QtyInPackage>
      <ItemPrice>5.20</ItemPrice>
      <UnitOfMeasurePrice>3.47</UnitOfMeasurePrice>
      <AllowDiscount>1</AllowDiscount>
      <ItemStatus>1</ItemStatus>
    </Item>
    <Item>
      <PriceUpdateDate>2015-09-30 08:11</PriceUpdateDate>
      <ItemCode>7290102392094</ItemCode>
      <ItemType>1</ItemType>
      <ItemName>חלב עיזים קרטון4.1% 1ל'</ItemName>
      <ManufacturerName>מילקו תעשיות בעמ</ManufacturerName>
      <ManufactureCountry>IL</ManufactureCountry>
      <ManufacturerItemDescription>חלב עיזים קרטון</ManufacturerItemDescription>
      <UnitQty>ליטרים</UnitQty>
      <Quantity>1.00</Quantity>
      <bIsWeighted>0</bIsWeighted>
      <UnitOfMeasure>ליטר</UnitOfMeasure>
      <QtyInPackage>0</QtyInPackage>
      <ItemPrice>16.60</ItemPrice>
      <UnitOfMeasurePrice>16.60</UnitOfMeasurePrice>
      <AllowDiscount>1</AllowDiscount>
      <ItemStatus>1</ItemStatus>
    </Item>
    <Item>
      <PriceUpdateDate>2015-09-30 08:11</PriceUpdateDate>
      <ItemCode>7290102393039</ItemCode>
      <ItemType>1</ItemType>
      <ItemName>יוג.מולר מיקס פצפוצים150</ItemName>
      <ManufacturerName>טרה</ManufacturerName>
      <ManufactureCountry>IL</ManufactureCountry>
      <ManufacturerItemDescription>יוגורט מולר מיקס</ManufacturerItemDescription>
      <UnitQty>גרמים</UnitQty>
      <Quantity>150.00</Quantity>
      <bIsWeighted>0</bIsWeighted>
      <UnitOfMeasure>100 גרם</UnitOfMeasure>
      <QtyInPackage>0</QtyInPackage>
      <ItemPrice>5.90</ItemPrice>
      <UnitOfMeasurePrice>3.93</UnitOfMeasurePrice>
      <AllowDiscount>1</AllowDiscount>
      <ItemStatus>1</ItemStatus>
    </Item>
    <Item>
      <PriceUpdateDate>2015-09-30 08:11</PriceUpdateDate>
      <ItemCode>7290102393060</ItemCode>
      <ItemType>1</ItemType>
      <ItemName>יוג.מולר מיקס גליליות150</ItemName>
      <ManufacturerName>טרה</ManufacturerName>
      <ManufactureCountry>IL</ManufactureCountry>
      <ManufacturerItemDescription>יוגורט מולר מיקס</ManufacturerItemDescription>
      <UnitQty>גרמים</UnitQty>
      <Quantity>150.00</Quantity>
      <bIsWeighted>0</bIsWeighted>
      <UnitOfMeasure>100 גרם</UnitOfMeasure>
      <QtyInPackage>0</QtyInPackage>
      <ItemPrice>5.90</ItemPrice>
      <UnitOfMeasurePrice>3.93</UnitOfMeasurePrice>
      <AllowDiscount>1</AllowDiscount>
      <ItemStatus>1</ItemStatus>
    </Item>
    <Item>
      <PriceUpdateDate>2018-10-16 14:18</PriceUpdateDate>
      <ItemCode>7290102393169</ItemCode>
      <ItemType>1</ItemType>
      <ItemName>יוג.תות+חתיכות פרי3% 150</ItemName>
      <ManufacturerName>טרה</ManufacturerName>
      <ManufactureCountry>IL</ManufactureCountry>
      <ManufacturerItemDescription>יוגורט מולר תות</ManufacturerItemDescription>
      <UnitQty>גרמים</UnitQty>
      <Quantity>150.00</Quantity>
      <bIsWeighted>0</bIsWeighted>
      <UnitOfMeasure>100 גרם</UnitOfMeasure>
      <QtyInPackage>0</QtyInPackage>
      <ItemPrice>5.00</ItemPrice>
      <UnitOfMeasurePrice>3.33</UnitOfMeasurePrice>
      <AllowDiscount>1</AllowDiscount>
      <ItemStatus>1</ItemStatus>
    </Item>
    <Item>
      <PriceUpdateDate>2018-10-16 14:18</PriceUpdateDate>
      <ItemCode>7290102393176</ItemCode>
      <ItemType>1</ItemType>
      <ItemName>יוגורט+חתיכ.אפרסק3% 150ג</ItemName>
      <ManufacturerName>מילקו תעשיות בעמ</ManufacturerName>
      <ManufactureCountry>IL</ManufactureCountry>
      <ManufacturerItemDescription>יוגורט אפרסק</ManufacturerItemDescription>
      <UnitQty>גרמים</UnitQty>
      <Quantity>150.00</Quantity>
      <bIsWeighted>0</bIsWeighted>
      <UnitOfMeasure>100 גרם</UnitOfMeasure>
      <QtyInPackage>0</QtyInPackage>
      <ItemPrice>5.00</ItemPrice>
      <UnitOfMeasurePrice>3.33</UnitOfMeasurePrice>
      <AllowDiscount>1</AllowDiscount>
      <ItemStatus>1</ItemStatus>
    </Item>
    <Item>
      <PriceUpdateDate>2018-10-16 14:18</PriceUpdateDate>
      <ItemCode>7290102393299</ItemCode>
      <ItemType>1</ItemType>
      <ItemName>יוגורט עיזים לשתייה500גר</ItemName>
      <ManufacturerName>משק צוריאל תבור</ManufacturerName>
      <ManufactureCountry>IL</ManufactureCountry>
      <ManufacturerItemDescription>יוגורט עיזים</ManufacturerItemDescription>
      <UnitQty>גרמים</UnitQty>
      <Quantity>500.00</Quantity>
      <bIsWeighted>0</bIsWeighted>
      <UnitOfMeasure>100 גרם</UnitOfMeasure>
      <QtyInPackage>0</QtyInPackage>
      <ItemPrice>13.00</ItemPrice>
      <UnitOfMeasurePrice>2.60</UnitOfMeasurePrice>
      <AllowDiscount>1</AllowDiscount>
      <ItemStatus>1</ItemStatus>
    </Item>
    <Item>
      <PriceUpdateDate>2015-09-30 08:11</PriceUpdateDate>
      <ItemCode>7290102394081</ItemCode>
      <ItemType>1</ItemType>
      <ItemName>מולר מיקס קורנפ.מצופה180</ItemName>
      <ManufacturerName>טרה</ManufacturerName>
      <ManufactureCountry>IL</ManufactureCountry>
      <ManufacturerItemDescription>יוגורט מולר מיקס</ManufacturerItemDescription>
      <UnitQty>גרמים</UnitQty>
      <Quantity>180.00</Quantity>
      <bIsWeighted>0</bIsWeighted>
      <UnitOfMeasure>100 גרם</UnitOfMeasure>
      <QtyInPackage>0</QtyInPackage>
      <ItemPrice>5.90</ItemPrice>
      <UnitOfMeasurePrice>3.28</UnitOfMeasurePrice>
      <AllowDiscount>1</AllowDiscount>
      <ItemStatus>1</ItemStatus>
    </Item>
    <Item>
      <PriceUpdateDate>2018-10-16 14:18</PriceUpdateDate>
      <ItemCode>7290102394821</ItemCode>
      <ItemType>1</ItemType>
      <ItemName>ג.צהובה נעם דק דק28% 200</ItemName>
      <ManufacturerName>מילקו תעשיות בעמ</ManufacturerName>
      <ManufactureCountry>IL</ManufactureCountry>
      <ManufacturerItemDescription>גבינה צהובה דק</ManufacturerItemDescription>
      <UnitQty>גרמים</UnitQty>
      <Quantity>200.00</Quantity>
      <bIsWeighted>0</bIsWeighted>
      <UnitOfMeasure>100 גרם</UnitOfMeasure>
      <QtyInPackage>0</QtyInPackage>
      <ItemPrice>16.10</ItemPrice>
      <UnitOfMeasurePrice>8.05</UnitOfMeasurePrice>
      <AllowDiscount>1</AllowDiscount>
      <ItemStatus>1</ItemStatus>
    </Item>
    <Item>
      <PriceUpdateDate>2018-10-16 14:18</PriceUpdateDate>
      <ItemCode>7290102394845</ItemCode>
      <ItemType>1</ItemType>
      <ItemName>גב.צהובה נעם דק דק9% 200</ItemName>
      <ManufacturerName>מילקו תעשיות בעמ</ManufacturerName>
      <ManufactureCountry>IL</ManufactureCountry>
      <ManufacturerItemDescription>גבינה צהובה דק9%</ManufacturerItemDescription>
      <UnitQty>גרמים</UnitQty>
      <Quantity>200.00</Quantity>
      <bIsWeighted>0</bIsWeighted>
      <UnitOfMeasure>100 גרם</UnitOfMeasure>
      <QtyInPackage>0</QtyInPackage>
      <ItemPrice>17.00</ItemPrice>
      <UnitOfMeasurePrice>8.50</UnitOfMeasurePrice>
      <AllowDiscount>1</AllowDiscount>
      <ItemStatus>1</ItemStatus>
    </Item>
    <Item>
      <PriceUpdateDate>2020-06-08 08:30</PriceUpdateDate>
      <ItemCode>7290102395101</ItemCode>
      <ItemType>1</ItemType>
      <ItemName>ממרח גבינה+שוק.מו16% 200</ItemName>
      <ManufacturerName>מילקו תעשיות בעמ</ManufacturerName>
      <ManufactureCountry>IL</ManufactureCountry>
      <ManufacturerItemDescription>ממרח גבינה מו</ManufacturerItemDescription>
      <UnitQty>גרמים</UnitQty>
      <Quantity>200.00</Quantity>
      <bIsWeighted>0</bIsWeighted>
      <UnitOfMeasure>100 גרם</UnitOfMeasure>
      <QtyInPackage>0</QtyInPackage>
      <ItemPrice>11.40</ItemPrice>
      <UnitOfMeasurePrice>5.70</UnitOfMeasurePrice>
      <AllowDiscount>1</AllowDiscount>
      <ItemStatus>1</ItemStatus>
    </Item>
    <Item>
      <PriceUpdateDate>2020-10-10 18:30</PriceUpdateDate>
      <ItemCode>7290102395231</ItemCode>
      <ItemType>1</ItemType>
      <ItemName>יוג.מולר נטורל2.8% 150*8</ItemName>
      <ManufacturerName>טרה</ManufacturerName>
      <ManufactureCountry>IL</ManufactureCountry>
      <ManufacturerItemDescription>יוגורט ביאנקו 8י</ManufacturerItemDescription>
      <UnitQty>קילוגרמים</UnitQty>
      <Quantity>1.20</Quantity>
      <bIsWeighted>0</bIsWeighted>
      <UnitOfMeasure>ק"ג</UnitOfMeasure>
      <QtyInPackage>0</QtyInPackage>
      <ItemPrice>15.90</ItemPrice>
      <UnitOfMeasurePrice>13.25</UnitOfMeasurePrice>
      <AllowDiscount>1</AllowDiscount>
      <ItemStatus>1</ItemStatus>
    </Item>
    <Item>
      <PriceUpdateDate>2018-10-16 14:18</PriceUpdateDate>
      <ItemCode>7290102395446</ItemCode>
      <ItemType>1</ItemType>
      <ItemName>מו וניל וקצפת 123 גרם</ItemName>
      <ManufacturerName>טרה</ManufacturerName>
      <ManufactureCountry>IL</ManufactureCountry>
      <ManufacturerItemDescription>מו וניל וקצפת</ManufacturerItemDescription>
      <UnitQty>גרמים</UnitQty>
      <Quantity>123.00</Quantity>
      <bIsWeighted>0</bIsWeighted>
      <UnitOfMeasure>100 גרם</UnitOfMeasure>
      <QtyInPackage>0</QtyInPackage>
      <ItemPrice>3.00</ItemPrice>
      <UnitOfMeasurePrice>2.44</UnitOfMeasurePrice>
      <AllowDiscount>1</AllowDiscount>
      <ItemStatus>1</ItemStatus>
    </Item>
    <Item>
      <PriceUpdateDate>2018-10-16 14:18</PriceUpdateDate>
      <ItemCode>7290102395477</ItemCode>
      <ItemType>1</ItemType>
      <ItemName>מו שוקולד וקצפת 123 גרם</ItemName>
      <ManufacturerName>טרה</ManufacturerName>
      <ManufactureCountry>IL</ManufactureCountry>
      <ManufacturerItemDescription>מו שוקולד וקצפת</ManufacturerItemDescription>
      <UnitQty>גרמים</UnitQty>
      <Quantity>123.00</Quantity>
      <bIsWeighted>0</bIsWeighted>
      <UnitOfMeasure>100 גרם</UnitOfMeasure>
      <QtyInPackage>0</QtyInPackage>
      <ItemPrice>3.00</ItemPrice>
      <UnitOfMeasurePrice>2.44</UnitOfMeasurePrice>
      <AllowDiscount>1</AllowDiscount>
      <ItemStatus>1</ItemStatus>
    </Item>
    <Item>
      <PriceUpdateDate>2018-10-16 14:18</PriceUpdateDate>
      <ItemCode>7290102396047</ItemCode>
      <ItemType>1</ItemType>
      <ItemName>יוג.סימפלי אננס1.5% 150ג</ItemName>
      <ManufacturerName>מילקו תעשיות בעמ</ManufacturerName>
      <ManufactureCountry>IL</ManufactureCountry>
      <ManufacturerItemDescription>יוגורט אננס 1.5%</ManufacturerItemDescription>
      <UnitQty>גרמים</UnitQty>
      <Quantity>150.00</Quantity>
      <bIsWeighted>0</bIsWeighted>
      <UnitOfMeasure>100 גרם</UnitOfMeasure>
      <QtyInPackage>0</QtyInPackage>
      <ItemPrice>5.00</ItemPrice>
      <UnitOfMeasurePrice>3.33</UnitOfMeasurePrice>
      <AllowDiscount>1</AllowDiscount>
      <ItemStatus>1</ItemStatus>
    </Item>
    <Item>
      <PriceUpdateDate>2018-10-16 14:18</PriceUpdateDate>
      <ItemCode>7290102396436</ItemCode>
      <ItemType>1</ItemType>
      <ItemName>מעדן שוקולד מוו1.5% 125ג</ItemName>
      <ManufacturerName>מילקו תעשיות בעמ</ManufacturerName>
      <ManufactureCountry>IL</ManufactureCountry>
      <ManufacturerItemDescription>מעדן שוקולד</ManufacturerItemDescription>
      <UnitQty>גרמים</UnitQty>
      <Quantity>125.00</Quantity>
      <bIsWeighted>0</bIsWeighted>
      <UnitOfMeasure>100 גרם</UnitOfMeasure>
      <QtyInPackage>0</QtyInPackage>
      <ItemPrice>3.00</ItemPrice>
      <UnitOfMeasurePrice>2.40</UnitOfMeasurePrice>
      <AllowDiscount>1</AllowDiscount>
      <ItemStatus>1</ItemStatus>
    </Item>
    <Item>
      <PriceUpdateDate>2018-10-16 14:18</PriceUpdateDate>
      <ItemCode>7290102396443</ItemCode>
      <ItemType>1</ItemType>
      <ItemName>מעדן וניל מוו1.5% 125גרם</ItemName>
      <ManufacturerName>מילקו תעשיות בעמ</ManufacturerName>
      <ManufactureCountry>IL</ManufactureCountry>
      <ManufacturerItemDescription>מעדן וניל</ManufacturerItemDescription>
      <UnitQty>גרמים</UnitQty>
      <Quantity>125.00</Quantity>
      <bIsWeighted>0</bIsWeighted>
      <UnitOfMeasure>100 גרם</UnitOfMeasure>
      <QtyInPackage>0</QtyInPackage>
      <ItemPrice>3.00</ItemPrice>
      <UnitOfMeasurePrice>2.40</UnitOfMeasurePrice>
      <AllowDiscount>1</AllowDiscount>
      <ItemStatus>1</ItemStatus>
    </Item>
    <Item>
      <PriceUpdateDate>2018-10-16 14:18</PriceUpdateDate>
      <ItemCode>7290102396665</ItemCode>
      <ItemType>1</ItemType>
      <ItemName>גב.צהובה נעם דק 15% 200ג</ItemName>
      <ManufacturerName>מילקו תעשיות בעמ</ManufacturerName>
      <ManufactureCountry>IL</ManufactureCountry>
      <ManufacturerItemDescription>גבינה צהובה נעם</ManufacturerItemDescription>
      <UnitQty>גרמים</UnitQty>
      <Quantity>200.00</Quantity>
      <bIsWeighted>0</bIsWeighted>
      <UnitOfMeasure>100 גרם</UnitOfMeasure>
      <QtyInPackage>1</QtyInPackage>
      <ItemPrice>16.20</ItemPrice>
      <UnitOfMeasurePrice>8.10</UnitOfMeasurePrice>
      <AllowDiscount>1</AllowDiscount>
      <ItemStatus>1</ItemStatus>
    </Item>
    <Item>
      <PriceUpdateDate>2018-10-16 14:18</PriceUpdateDate>
      <ItemCode>7290102396719</ItemCode>
      <ItemType>1</ItemType>
      <ItemName>יוגורט0% סימפלי תות 150ג</ItemName>
      <ManufacturerName>טרה</ManufacturerName>
      <ManufactureCountry>IL</ManufactureCountry>
      <ManufacturerItemDescription>יוגורט תות</ManufacturerItemDescription>
      <UnitQty>גרמים</UnitQty>
      <Quantity>150.00</Quantity>
      <bIsWeighted>0</bIsWeighted>
      <UnitOfMeasure>100 גרם</UnitOfMeasure>
      <QtyInPackage>0</QtyInPackage>
      <ItemPrice>5.00</ItemPrice>
      <UnitOfMeasurePrice>3.33</UnitOfMeasurePrice>
      <AllowDiscount>1</AllowDiscount>
      <ItemStatus>1</ItemStatus>
    </Item>
    <Item>
      <PriceUpdateDate>2018-10-16 14:18</PriceUpdateDate>
      <ItemCode>7290102396726</ItemCode>
      <ItemType>1</ItemType>
      <ItemName>יוגורט0%סימפלי אפרסק150ג</ItemName>
      <ManufacturerName>טרה</ManufacturerName>
      <ManufactureCountry>IL</ManufactureCountry>
      <ManufacturerItemDescription>יוגורט אפרסק</ManufacturerItemDescription>
      <UnitQty>גרמים</UnitQty>
      <Quantity>150.00</Quantity>
      <bIsWeighted>0</bIsWeighted>
      <UnitOfMeasure>100 גרם</UnitOfMeasure>
      <QtyInPackage>0</QtyInPackage>
      <ItemPrice>5.00</ItemPrice>
      <UnitOfMeasurePrice>3.33</UnitOfMeasurePrice>
      <AllowDiscount>1</AllowDiscount>
      <ItemStatus>1</ItemStatus>
    </Item>
    <Item>
      <PriceUpdateDate>2018-10-16 14:18</PriceUpdateDate>
      <ItemCode>7290102397204</ItemCode>
      <ItemType>1</ItemType>
      <ItemName>גב.צהובה נעם דק 22% 200ג</ItemName>
      <ManufacturerName>מילקו תעשיות בעמ</ManufacturerName>
      <ManufactureCountry>IL</ManufactureCountry>
      <ManufacturerItemDescription>גבינה צהובה נעם</ManufacturerItemDescription>
      <UnitQty>גרמים</UnitQty>
      <Quantity>200.00</Quantity>
      <bIsWeighted>0</bIsWeighted>
      <UnitOfMeasure>100 גרם</UnitOfMeasure>
      <QtyInPackage>1</QtyInPackage>
      <ItemPrice>16.10</ItemPrice>
      <UnitOfMeasurePrice>8.05</UnitOfMeasurePrice>
      <AllowDiscount>1</AllowDiscount>
      <ItemStatus>1</ItemStatus>
    </Item>
    <Item>
      <PriceUpdateDate>2017-05-03 11:53</PriceUpdateDate>
      <ItemCode>7290102397464</ItemCode>
      <ItemType>1</ItemType>
      <ItemName>נטורל+פקאן וגרעינים170גר</ItemName>
      <ManufacturerName>טרה</ManufacturerName>
      <ManufactureCountry>IL</ManufactureCountry>
      <ManufacturerItemDescription>מולר נטורל+פקאן</ManufacturerItemDescription>
      <UnitQty>גרמים</UnitQty>
      <Quantity>170.00</Quantity>
      <bIsWeighted>0</bIsWeighted>
      <UnitOfMeasure>100 גרם</UnitOfMeasure>
      <QtyInPackage>1</QtyInPackage>
      <ItemPrice>5.90</ItemPrice>
      <UnitOfMeasurePrice>3.47</UnitOfMeasurePrice>
      <AllowDiscount>1</AllowDiscount>
      <ItemStatus>1</ItemStatus>
    </Item>
    <Item>
      <PriceUpdateDate>2016-07-22 07:07</PriceUpdateDate>
      <ItemCode>7290102397600</ItemCode>
      <ItemType>1</ItemType>
      <ItemName>מולר מיקס שקד+בוטנים168ג</ItemName>
      <ManufacturerName>מולר</ManufacturerName>
      <ManufactureCountry>IL</ManufactureCountry>
      <ManufacturerItemDescription>מולר מיקס</ManufacturerItemDescription>
      <UnitQty>גרמים</UnitQty>
      <Quantity>168.00</Quantity>
      <bIsWeighted>0</bIsWeighted>
      <UnitOfMeasure>100 גרם</UnitOfMeasure>
      <QtyInPackage>1</QtyInPackage>
      <ItemPrice>5.90</ItemPrice>
      <UnitOfMeasurePrice>3.51</UnitOfMeasurePrice>
      <AllowDiscount>1</AllowDiscount>
      <ItemStatus>1</ItemStatus>
    </Item>
    <Item>
      <PriceUpdateDate>2018-10-16 14:18</PriceUpdateDate>
      <ItemCode>7290102397730</ItemCode>
      <ItemType>1</ItemType>
      <ItemName>אמנטל נועם פתיח.חוזרת200</ItemName>
      <ManufacturerName>טרה</ManufacturerName>
      <ManufactureCountry>IL</ManufactureCountry>
      <ManufacturerItemDescription>גבינת אמנטל נועם</ManufacturerItemDescription>
      <UnitQty>גרמים</UnitQty>
      <Quantity>200.00</Quantity>
      <bIsWeighted>0</bIsWeighted>
      <UnitOfMeasure>100 גרם</UnitOfMeasure>
      <QtyInPackage>1</QtyInPackage>
      <ItemPrice>17.50</ItemPrice>
      <UnitOfMeasurePrice>8.75</UnitOfMeasurePrice>
      <AllowDiscount>1</AllowDiscount>
      <ItemStatus>1</ItemStatus>
    </Item>
    <Item>
      <PriceUpdateDate>2018-10-16 14:18</PriceUpdateDate>
      <ItemCode>7290102397747</ItemCode>
      <ItemType>1</ItemType>
      <ItemName>מוצרלה נעם 200 גרם</ItemName>
      <ManufacturerName>---</ManufacturerName>
      <ManufactureCountry>IL</ManufactureCountry>
      <ManufacturerItemDescription>מוצרלה נעם 200גר</ManufacturerItemDescription>
      <UnitQty>גרמים</UnitQty>
      <Quantity>200.00</Quantity>
      <bIsWeighted>0</bIsWeighted>
      <UnitOfMeasure>100 גרם</UnitOfMeasure>
      <QtyInPackage>1</QtyInPackage>
      <ItemPrice>19.50</ItemPrice>
      <UnitOfMeasurePrice>9.75</UnitOfMeasurePrice>
      <AllowDiscount>1</AllowDiscount>
      <ItemStatus>1</ItemStatus>
    </Item>
    <Item>
      <PriceUpdateDate>2018-10-16 14:18</PriceUpdateDate>
      <ItemCode>7290102397891</ItemCode>
      <ItemType>1</ItemType>
      <ItemName>גבינה מותכת 4 * 25 גרם</ItemName>
      <ManufacturerName>---</ManufacturerName>
      <ManufactureCountry>IL</ManufactureCountry>
      <ManufacturerItemDescription>גבינה מותכת</ManufacturerItemDescription>
      <UnitQty>גרמים</UnitQty>
      <Quantity>100.00</Quantity>
      <bIsWeighted>0</bIsWeighted>
      <UnitOfMeasure>100 גרם</UnitOfMeasure>
      <QtyInPackage>1</QtyInPackage>
      <ItemPrice>7.80</ItemPrice>
      <UnitOfMeasurePrice>7.80</UnitOfMeasurePrice>
      <AllowDiscount>1</AllowDiscount>
      <ItemStatus>1</ItemStatus>
    </Item>
    <Item>
      <PriceUpdateDate>2019-06-19 08:00</PriceUpdateDate>
      <ItemCode>7290102398058</ItemCode>
      <ItemType>1</ItemType>
      <ItemName>חלב 3% בשקית מהדרין 1 לי</ItemName>
      <ManufacturerName>---</ManufacturerName>
      <ManufactureCountry>IL</ManufactureCountry>
      <ManufacturerItemDescription>חלב 3% בשקית 1ל</ManufacturerItemDescription>
      <UnitQty>ליטרים</UnitQty>
      <Quantity>1.00</Quantity>
      <bIsWeighted>0</bIsWeighted>
      <UnitOfMeasure>ליטר</UnitOfMeasure>
      <QtyInPackage>1</QtyInPackage>
      <ItemPrice>5.17</ItemPrice>
      <UnitOfMeasurePrice>5.17</UnitOfMeasurePrice>
      <AllowDiscount>1</AllowDiscount>
      <ItemStatus>1</ItemStatus>
    </Item>
    <Item>
      <PriceUpdateDate>2019-06-19 08:00</PriceUpdateDate>
      <ItemCode>7290102398065</ItemCode>
      <ItemType>1</ItemType>
      <ItemName>חלב 3% בקרטון מהדרין 2ל'</ItemName>
      <ManufacturerName>טרה</ManufacturerName>
      <ManufactureCountry>IL</ManufactureCountry>
      <ManufacturerItemDescription>חלב 3% בקרטון</ManufacturerItemDescription>
      <UnitQty>ליטרים</UnitQty>
      <Quantity>2.00</Quantity>
      <bIsWeighted>0</bIsWeighted>
      <UnitOfMeasure>ליטר</UnitOfMeasure>
      <QtyInPackage>1</QtyInPackage>
      <ItemPrice>11.88</ItemPrice>
      <UnitOfMeasurePrice>5.94</UnitOfMeasurePrice>
      <AllowDiscount>1</AllowDiscount>
      <ItemStatus>1</ItemStatus>
    </Item>
    <Item>
      <PriceUpdateDate>2019-06-19 08:00</PriceUpdateDate>
      <ItemCode>7290102398072</ItemCode>
      <ItemType>1</ItemType>
      <ItemName>חלב 3% בקרטון מהדרין 1 ל</ItemName>
      <ManufacturerName>טרה</ManufacturerName>
      <ManufactureCountry>IL</ManufactureCountry>
      <ManufacturerItemDescription>חלב 3% בקרטון</ManufacturerItemDescription>
      <UnitQty>ליטרים</UnitQty>
      <Quantity>1.00</Quantity>
      <bIsWeighted>0</bIsWeighted>
      <UnitOfMeasure>ליטר</UnitOfMeasure>
      <QtyInPackage>1</QtyInPackage>
      <ItemPrice>5.94</ItemPrice>
      <UnitOfMeasurePrice>5.94</UnitOfMeasurePrice>
      <AllowDiscount>1</AllowDiscount>
      <ItemStatus>1</ItemStatus>
    </Item>
    <Item>
      <PriceUpdateDate>2018-05-29 08:01</PriceUpdateDate>
      <ItemCode>7290102398140</ItemCode>
      <ItemType>1</ItemType>
      <ItemName>מעדן חלב+אורז מת.עדינ170</ItemName>
      <ManufacturerName>טרה</ManufacturerName>
      <ManufactureCountry>IL</ManufactureCountry>
      <ManufacturerItemDescription>מעדן חלב ואורז</ManufacturerItemDescription>
      <UnitQty>גרמים</UnitQty>
      <Quantity>170.00</Quantity>
      <bIsWeighted>0</bIsWeighted>
      <UnitOfMeasure>100 גרם</UnitOfMeasure>
      <QtyInPackage>1</QtyInPackage>
      <ItemPrice>5.50</ItemPrice>
      <UnitOfMeasurePrice>3.24</UnitOfMeasurePrice>
      <AllowDiscount>1</AllowDiscount>
      <ItemStatus>1</ItemStatus>
    </Item>
    <Item>
      <PriceUpdateDate>2018-07-04 13:47</PriceUpdateDate>
      <ItemCode>7290102398188</ItemCode>
      <ItemType>1</ItemType>
      <ItemName>מעדן חלב ואורז + תות170ג</ItemName>
      <ManufacturerName>טרה</ManufacturerName>
      <ManufactureCountry>IL</ManufactureCountry>
      <ManufacturerItemDescription>מעדן חלב ואורז</ManufacturerItemDescription>
      <UnitQty>גרמים</UnitQty>
      <Quantity>170.00</Quantity>
      <bIsWeighted>0</bIsWeighted>
      <UnitOfMeasure>100 גרם</UnitOfMeasure>
      <QtyInPackage>1</QtyInPackage>
      <ItemPrice>5.50</ItemPrice>
      <UnitOfMeasurePrice>3.24</UnitOfMeasurePrice>
      <AllowDiscount>1</AllowDiscount>
      <ItemStatus>1</ItemStatus>
    </Item>
    <Item>
      <PriceUpdateDate>2018-01-30 11:39</PriceUpdateDate>
      <ItemCode>7290102398294</ItemCode>
      <ItemType>1</ItemType>
      <ItemName>יוגורט פרופ מנגו 150 גרם</ItemName>
      <ManufacturerName>---</ManufacturerName>
      <ManufactureCountry>IL</ManufactureCountry>
      <ManufacturerItemDescription>יוגורט מולר מנגו</ManufacturerItemDescription>
      <UnitQty>גרמים</UnitQty>
      <Quantity>150.00</Quantity>
      <bIsWeighted>0</bIsWeighted>
      <UnitOfMeasure>100 גרם</UnitOfMeasure>
      <QtyInPackage>1</QtyInPackage>
      <ItemPrice>5.20</ItemPrice>
      <UnitOfMeasurePrice>3.47</UnitOfMeasurePrice>
      <AllowDiscount>1</AllowDiscount>
      <ItemStatus>1</ItemStatus>
    </Item>
    <Item>
      <PriceUpdateDate>2018-04-24 12:27</PriceUpdateDate>
      <ItemCode>7290102398348</ItemCode>
      <ItemType>1</ItemType>
      <ItemName>מולר מיקס תות+כריות170ג</ItemName>
      <ManufacturerName>טרה</ManufacturerName>
      <ManufactureCountry>IL</ManufactureCountry>
      <ManufacturerItemDescription>מולר מיקס תות</ManufacturerItemDescription>
      <UnitQty>גרמים</UnitQty>
      <Quantity>170.00</Quantity>
      <bIsWeighted>0</bIsWeighted>
      <UnitOfMeasure>100 גרם</UnitOfMeasure>
      <QtyInPackage>1</QtyInPackage>
      <ItemPrice>5.90</ItemPrice>
      <UnitOfMeasurePrice>3.47</UnitOfMeasurePrice>
      <AllowDiscount>1</AllowDiscount>
      <ItemStatus>1</ItemStatus>
    </Item>
    <Item>
      <PriceUpdateDate>2018-08-03 05:34</PriceUpdateDate>
      <ItemCode>7290102398560</ItemCode>
      <ItemType>1</ItemType>
      <ItemName>שוקו מועשר בבקבוק 1 ליטר</ItemName>
      <ManufacturerName>מילקו תעשיות בעמ</ManufacturerName>
      <ManufactureCountry>IL</ManufactureCountry>
      <ManufacturerItemDescription>שוקו מועשר בקבוק</ManufacturerItemDescription>
      <UnitQty>ליטרים</UnitQty>
      <Quantity>1.00</Quantity>
      <bIsWeighted>0</bIsWeighted>
      <UnitOfMeasure>ליטר</UnitOfMeasure>
      <QtyInPackage>1</QtyInPackage>
      <ItemPrice>12.20</ItemPrice>
      <UnitOfMeasurePrice>12.20</UnitOfMeasurePrice>
      <AllowDiscount>1</AllowDiscount>
      <ItemStatus>1</ItemStatus>
    </Item>
    <Item>
      <PriceUpdateDate>2018-08-03 05:34</PriceUpdateDate>
      <ItemCode>7290102398577</ItemCode>
      <ItemType>1</ItemType>
      <ItemName>שוקו מועשר טרה בקבוק250מ</ItemName>
      <ManufacturerName>מילקו תעשיות בעמ</ManufacturerName>
      <ManufactureCountry>IL</ManufactureCountry>
      <ManufacturerItemDescription>שוקו בבקבוק טרה</ManufacturerItemDescription>
      <UnitQty>מיליליטרים</UnitQty>
      <Quantity>250.00</Quantity>
      <bIsWeighted>0</bIsWeighted>
      <UnitOfMeasure>100 מ"ל</UnitOfMeasure>
      <QtyInPackage>1</QtyInPackage>
      <ItemPrice>5.60</ItemPrice>
      <UnitOfMeasurePrice>2.24</UnitOfMeasurePrice>
      <AllowDiscount>1</AllowDiscount>
      <ItemStatus>1</ItemStatus>
    </Item>
    <Item>
      <PriceUpdateDate>2020-07-03 05:37</PriceUpdateDate>
      <ItemCode>7290102398669</ItemCode>
      <ItemType>1</ItemType>
      <ItemName>אייס קפוצ'ינו 1 ליטר</ItemName>
      <ManufacturerName>מילקו תעשיות בעמ</ManufacturerName>
      <ManufactureCountry>IL</ManufactureCountry>
      <ManufacturerItemDescription>אייס קפוצ'ינו</ManufacturerItemDescription>
      <UnitQty>ליטרים</UnitQty>
      <Quantity>1.00</Quantity>
      <bIsWeighted>0</bIsWeighted>
      <UnitOfMeasure>ליטר</UnitOfMeasure>
      <QtyInPackage>1</QtyInPackage>
      <ItemPrice>12.20</ItemPrice>
      <UnitOfMeasurePrice>12.20</UnitOfMeasurePrice>
      <AllowDiscount>1</AllowDiscount>
      <ItemStatus>1</ItemStatus>
    </Item>
    <Item>
      <PriceUpdateDate>2020-07-03 05:37</PriceUpdateDate>
      <ItemCode>7290102398973</ItemCode>
      <ItemType>1</ItemType>
      <ItemName>גבינת שמנת זיתים25% 200ג</ItemName>
      <ManufacturerName>משק צוריאל</ManufacturerName>
      <ManufactureCountry>IL</ManufactureCountry>
      <ManufacturerItemDescription>גבינת שמנת זיתים</ManufacturerItemDescription>
      <UnitQty>גרמים</UnitQty>
      <Quantity>200.00</Quantity>
      <bIsWeighted>0</bIsWeighted>
      <UnitOfMeasure>100 גרם</UnitOfMeasure>
      <QtyInPackage>1</QtyInPackage>
      <ItemPrice>14.00</ItemPrice>
      <UnitOfMeasurePrice>7.00</UnitOfMeasurePrice>
      <AllowDiscount>1</AllowDiscount>
      <ItemStatus>1</ItemStatus>
    </Item>
    <Item>
      <PriceUpdateDate>2020-08-28 05:37</PriceUpdateDate>
      <ItemCode>7290102399680</ItemCode>
      <ItemType>1</ItemType>
      <ItemName>חלב 3% בבקבוק 1 ליטר</ItemName>
      <ManufacturerName>טרה</ManufacturerName>
      <ManufactureCountry>IL</ManufactureCountry>
      <ManufacturerItemDescription>חלב 3% בבקבוק</ManufacturerItemDescription>
      <UnitQty>ליטרים</UnitQty>
      <Quantity>1.00</Quantity>
      <bIsWeighted>0</bIsWeighted>
      <UnitOfMeasure>ליטר</UnitOfMeasure>
      <QtyInPackage>1</QtyInPackage>
      <ItemPrice>5.94</ItemPrice>
      <UnitOfMeasurePrice>5.94</UnitOfMeasurePrice>
      <AllowDiscount>1</AllowDiscount>
      <ItemStatus>1</ItemStatus>
    </Item>
    <Item>
      <PriceUpdateDate>2018-05-22 12:22</PriceUpdateDate>
      <ItemCode>7290103401429</ItemCode>
      <ItemType>1</ItemType>
      <ItemName>קפה פלטינום ברזילאי 200</ItemName>
      <ManufacturerName>עלית</ManufacturerName>
      <ManufactureCountry>IL</ManufactureCountry>
      <ManufacturerItemDescription>קפה פלטינום</ManufacturerItemDescription>
      <UnitQty>גרמים</UnitQty>
      <Quantity>200.00</Quantity>
      <bIsWeighted>0</bIsWeighted>
      <UnitOfMeasure>100 גרם</UnitOfMeasure>
      <QtyInPackage>0</QtyInPackage>
      <ItemPrice>28.90</ItemPrice>
      <UnitOfMeasurePrice>14.45</UnitOfMeasurePrice>
      <AllowDiscount>1</AllowDiscount>
      <ItemStatus>1</ItemStatus>
    </Item>
    <Item>
      <PriceUpdateDate>2014-07-22 06:43</PriceUpdateDate>
      <ItemCode>7290103404758</ItemCode>
      <ItemType>1</ItemType>
      <ItemName>סלט כרוב אדום יום יום120</ItemName>
      <ManufacturerName>שטראוס גרופ בע"\מ</ManufacturerName>
      <ManufactureCountry>IL</ManufactureCountry>
      <ManufacturerItemDescription>כרוב אדום אחלה</ManufacturerItemDescription>
      <UnitQty>גרמים</UnitQty>
      <Quantity>120.00</Quantity>
      <bIsWeighted>0</bIsWeighted>
      <UnitOfMeasure>100 גרם</UnitOfMeasure>
      <QtyInPackage>0</QtyInPackage>
      <ItemPrice>5.40</ItemPrice>
      <UnitOfMeasurePrice>4.50</UnitOfMeasurePrice>
      <AllowDiscount>1</AllowDiscount>
      <ItemStatus>1</ItemStatus>
    </Item>
    <Item>
      <PriceUpdateDate>2014-07-21 07:21</PriceUpdateDate>
      <ItemCode>7290104060403</ItemCode>
      <ItemType>1</ItemType>
      <ItemName>מסטיק מאסט בזוקה ענבים28</ItemName>
      <ManufacturerName>עלית</ManufacturerName>
      <ManufactureCountry>IL</ManufactureCountry>
      <ManufacturerItemDescription>מסטיק מאסט בזוקה</ManufacturerItemDescription>
      <UnitQty>גרמים</UnitQty>
      <Quantity>28.00</Quantity>
      <bIsWeighted>0</bIsWeighted>
      <UnitOfMeasure>100 גרם</UnitOfMeasure>
      <QtyInPackage>0</QtyInPackage>
      <ItemPrice>4.60</ItemPrice>
      <UnitOfMeasurePrice>16.43</UnitOfMeasurePrice>
      <AllowDiscount>1</AllowDiscount>
      <ItemStatus>1</ItemStatus>
    </Item>
    <Item>
      <PriceUpdateDate>2019-08-13 08:20</PriceUpdateDate>
      <ItemCode>7290104061219</ItemCode>
      <ItemType>1</ItemType>
      <ItemName>רבע לשבע אצבעות אגוז120ג</ItemName>
      <ManufacturerName>עלית</ManufacturerName>
      <ManufactureCountry>IL</ManufactureCountry>
      <ManufacturerItemDescription>רבע לשבע אגוז</ManufacturerItemDescription>
      <UnitQty>גרמים</UnitQty>
      <Quantity>120.00</Quantity>
      <bIsWeighted>0</bIsWeighted>
      <UnitOfMeasure>100 גרם</UnitOfMeasure>
      <QtyInPackage>0</QtyInPackage>
      <ItemPrice>12.90</ItemPrice>
      <UnitOfMeasurePrice>10.75</UnitOfMeasurePrice>
      <AllowDiscount>1</AllowDiscount>
      <ItemStatus>1</ItemStatus>
    </Item>
    <Item>
      <PriceUpdateDate>2015-12-08 06:58</PriceUpdateDate>
      <ItemCode>7290104061417</ItemCode>
      <ItemType>1</ItemType>
      <ItemName>חומוס עם טחינה אחלה 400ג</ItemName>
      <ManufacturerName>שטראוס גרופ בע"\מ</ManufacturerName>
      <ManufactureCountry>IL</ManufactureCountry>
      <ManufacturerItemDescription>חומוס טחינה אחלה</ManufacturerItemDescription>
      <UnitQty>גרמים</UnitQty>
      <Quantity>400.00</Quantity>
      <bIsWeighted>0</bIsWeighted>
      <UnitOfMeasure>100 גרם</UnitOfMeasure>
      <QtyInPackage>0</QtyInPackage>
      <ItemPrice>11.90</ItemPrice>
      <UnitOfMeasurePrice>2.98</UnitOfMeasurePrice>
      <AllowDiscount>1</AllowDiscount>
      <ItemStatus>1</ItemStatus>
    </Item>
    <Item>
      <PriceUpdateDate>2015-12-08 06:58</PriceUpdateDate>
      <ItemCode>7290104061431</ItemCode>
      <ItemType>1</ItemType>
      <ItemName>חומוס עם צנובר אחלה 400ג</ItemName>
      <ManufacturerName>שטראוס גרופ בע"\מ</ManufacturerName>
      <ManufactureCountry>IL</ManufactureCountry>
      <ManufacturerItemDescription>חומוס צנובר אחלה</ManufacturerItemDescription>
      <UnitQty>גרמים</UnitQty>
      <Quantity>400.00</Quantity>
      <bIsWeighted>0</bIsWeighted>
      <UnitOfMeasure>100 גרם</UnitOfMeasure>
      <QtyInPackage>0</QtyInPackage>
      <ItemPrice>11.90</ItemPrice>
      <UnitOfMeasurePrice>2.98</UnitOfMeasurePrice>
      <AllowDiscount>1</AllowDiscount>
      <ItemStatus>1</ItemStatus>
    </Item>
    <Item>
      <PriceUpdateDate>2015-12-08 06:58</PriceUpdateDate>
      <ItemCode>7290104061448</ItemCode>
      <ItemType>1</ItemType>
      <ItemName>חומוס עם חריף אחלה 400 ג</ItemName>
      <ManufacturerName>שטראוס גרופ בע"\מ</ManufacturerName>
      <ManufactureCountry>IL</ManufactureCountry>
      <ManufacturerItemDescription>חומוס חריף אחלה</ManufacturerItemDescription>
      <UnitQty>גרמים</UnitQty>
      <Quantity>400.00</Quantity>
      <bIsWeighted>0</bIsWeighted>
      <UnitOfMeasure>100 גרם</UnitOfMeasure>
      <QtyInPackage>0</QtyInPackage>
      <ItemPrice>11.90</ItemPrice>
      <UnitOfMeasurePrice>2.98</UnitOfMeasurePrice>
      <AllowDiscount>1</AllowDiscount>
      <ItemStatus>1</ItemStatus>
    </Item>
    <Item>
      <PriceUpdateDate>2013-12-22 10:38</PriceUpdateDate>
      <ItemCode>7290104066016</ItemCode>
      <ItemType>1</ItemType>
      <ItemName>מילקי טופ עדשים 170 מ"ל</ItemName>
      <ManufacturerName>שטראוס גרופ בע"\מ</ManufacturerName>
      <ManufactureCountry>IL</ManufactureCountry>
      <ManufacturerItemDescription>מילקי טופ עדשים</ManufacturerItemDescription>
      <UnitQty>מיליליטרים</UnitQty>
      <Quantity>170.00</Quantity>
      <bIsWeighted>0</bIsWeighted>
      <UnitOfMeasure>100 מ"ל</UnitOfMeasure>
      <QtyInPackage>0</QtyInPackage>
      <ItemPrice>5.00</ItemPrice>
      <UnitOfMeasurePrice>2.94</UnitOfMeasurePrice>
      <AllowDiscount>1</AllowDiscount>
      <ItemStatus>1</ItemStatus>
    </Item>
    <Item>
      <PriceUpdateDate>2015-09-30 08:04</PriceUpdateDate>
      <ItemCode>7290104500572</ItemCode>
      <ItemType>1</ItemType>
      <ItemName>אפרופו איטליאנו 50 גרם</ItemName>
      <ManufacturerName>אסם השקעות בע"\מ</ManufacturerName>
      <ManufactureCountry>IL</ManufactureCountry>
      <ManufacturerItemDescription>אפרופו איטליאנו</ManufacturerItemDescription>
      <UnitQty>גרמים</UnitQty>
      <Quantity>50.00</Quantity>
      <bIsWeighted>0</bIsWeighted>
      <UnitOfMeasure>100 גרם</UnitOfMeasure>
      <QtyInPackage>0</QtyInPackage>
      <ItemPrice>5.80</ItemPrice>
      <UnitOfMeasurePrice>11.60</UnitOfMeasurePrice>
      <AllowDiscount>1</AllowDiscount>
      <ItemStatus>1</ItemStatus>
    </Item>
    <Item>
      <PriceUpdateDate>2015-09-30 08:04</PriceUpdateDate>
      <ItemCode>7290104508943</ItemCode>
      <ItemType>1</ItemType>
      <ItemName>במבה חטיף בוטנים 200 גרם</ItemName>
      <ManufacturerName>אסם השקעות בע"\מ</ManufacturerName>
      <ManufactureCountry>IL</ManufactureCountry>
      <ManufacturerItemDescription>במבה חטיף בוטנים</ManufacturerItemDescription>
      <UnitQty>גרמים</UnitQty>
      <Quantity>200.00</Quantity>
      <bIsWeighted>0</bIsWeighted>
      <UnitOfMeasure>100 גרם</UnitOfMeasure>
      <QtyInPackage>0</QtyInPackage>
      <ItemPrice>9.10</ItemPrice>
      <UnitOfMeasurePrice>4.55</UnitOfMeasurePrice>
      <AllowDiscount>1</AllowDiscount>
      <ItemStatus>1</ItemStatus>
    </Item>
    <Item>
      <PriceUpdateDate>2016-10-18 07:10</PriceUpdateDate>
      <ItemCode>7290104726262</ItemCode>
      <ItemType>1</ItemType>
      <ItemName>דני שלוק שוקולד 125*4גרם</ItemName>
      <ManufacturerName>שטראוס גרופ בע"\מ</ManufacturerName>
      <ManufactureCountry>IL</ManufactureCountry>
      <ManufacturerItemDescription>דני שלוק 4 יח</ManufacturerItemDescription>
      <UnitQty>גרמים</UnitQty>
      <Quantity>500.00</Quantity>
      <bIsWeighted>0</bIsWeighted>
      <UnitOfMeasure>100 גרם</UnitOfMeasure>
      <QtyInPackage>0</QtyInPackage>
      <ItemPrice>11.50</ItemPrice>
      <UnitOfMeasurePrice>2.30</UnitOfMeasurePrice>
      <AllowDiscount>1</AllowDiscount>
      <ItemStatus>1</ItemStatus>
    </Item>
    <Item>
      <PriceUpdateDate>2015-11-17 07:51</PriceUpdateDate>
      <ItemCode>7290104726712</ItemCode>
      <ItemType>1</ItemType>
      <ItemName>מארז מילקי ט.שוקולד170*8</ItemName>
      <ManufacturerName>שטראוס גרופ בע"\מ</ManufacturerName>
      <ManufactureCountry>IL</ManufactureCountry>
      <ManufacturerItemDescription>מארז מילקי 8 יח'</ManufacturerItemDescription>
      <UnitQty>ליטרים</UnitQty>
      <Quantity>1.36</Quantity>
      <bIsWeighted>0</bIsWeighted>
      <UnitOfMeasure>ליטר</UnitOfMeasure>
      <QtyInPackage>0</QtyInPackage>
      <ItemPrice>21.20</ItemPrice>
      <UnitOfMeasurePrice>15.59</UnitOfMeasurePrice>
      <AllowDiscount>1</AllowDiscount>
      <ItemStatus>1</ItemStatus>
    </Item>
    <Item>
      <PriceUpdateDate>2018-05-22 12:22</PriceUpdateDate>
      <ItemCode>7290104960253</ItemCode>
      <ItemType>1</ItemType>
      <ItemName>סבון נקה7 ארומה לבנדר750</ItemName>
      <ManufacturerName>אמיליה קוסמטיקס בע'\'\מ</ManufacturerName>
      <ManufactureCountry>IL</ManufactureCountry>
      <ManufacturerItemDescription>תחליב רחצה נקה 7</ManufacturerItemDescription>
      <UnitQty>מיליליטרים</UnitQty>
      <Quantity>750.00</Quantity>
      <bIsWeighted>0</bIsWeighted>
      <UnitOfMeasure>100 מ"ל</UnitOfMeasure>
      <QtyInPackage>0</QtyInPackage>
      <ItemPrice>11.90</ItemPrice>
      <UnitOfMeasurePrice>1.59</UnitOfMeasurePrice>
      <AllowDiscount>1</AllowDiscount>
      <ItemStatus>1</ItemStatus>
    </Item>
    <Item>
      <PriceUpdateDate>2018-05-22 12:22</PriceUpdateDate>
      <ItemCode>7290104961205</ItemCode>
      <ItemType>1</ItemType>
      <ItemName>תח.רחצה נקה7 מלפפו750מ</ItemName>
      <ManufacturerName>אמיליה קוסמטיקס בע'\'\מ</ManufacturerName>
      <ManufactureCountry>IL</ManufactureCountry>
      <ManufacturerItemDescription>תחליב רחצה נקה</ManufacturerItemDescription>
      <UnitQty>מיליליטרים</UnitQty>
      <Quantity>750.00</Quantity>
      <bIsWeighted>0</bIsWeighted>
      <UnitOfMeasure>100 מ"ל</UnitOfMeasure>
      <QtyInPackage>0</QtyInPackage>
      <ItemPrice>11.90</ItemPrice>
      <UnitOfMeasurePrice>1.59</UnitOfMeasurePrice>
      <AllowDiscount>1</AllowDiscount>
      <ItemStatus>1</ItemStatus>
    </Item>
    <Item>
      <PriceUpdateDate>2017-02-07 07:16</PriceUpdateDate>
      <ItemCode>7290105360878</ItemCode>
      <ItemType>1</ItemType>
      <ItemName>תפוצ'יפס 50*4 גרם</ItemName>
      <ManufacturerName>שטראוס פריטו ליי בע"\מ )</ManufacturerName>
      <ManufactureCountry>IL</ManufactureCountry>
      <ManufacturerItemDescription>תפוצ'יפס 4 יח</ManufacturerItemDescription>
      <UnitQty>גרמים</UnitQty>
      <Quantity>200.00</Quantity>
      <bIsWeighted>0</bIsWeighted>
      <UnitOfMeasure>100 גרם</UnitOfMeasure>
      <QtyInPackage>0</QtyInPackage>
      <ItemPrice>12.50</ItemPrice>
      <UnitOfMeasurePrice>6.25</UnitOfMeasurePrice>
      <AllowDiscount>1</AllowDiscount>
      <ItemStatus>1</ItemStatus>
    </Item>
    <Item>
      <PriceUpdateDate>2014-07-21 07:21</PriceUpdateDate>
      <ItemCode>7290105361707</ItemCode>
      <ItemType>1</ItemType>
      <ItemName>כיף כף לבן 45 גרם</ItemName>
      <ManufacturerName>עלית</ManufacturerName>
      <ManufactureCountry>IL</ManufactureCountry>
      <ManufacturerItemDescription>כיף כף לבן</ManufacturerItemDescription>
      <UnitQty>גרמים</UnitQty>
      <Quantity>45.00</Quantity>
      <bIsWeighted>0</bIsWeighted>
      <UnitOfMeasure>100 גרם</UnitOfMeasure>
      <QtyInPackage>0</QtyInPackage>
      <ItemPrice>4.50</ItemPrice>
      <UnitOfMeasurePrice>10.00</UnitOfMeasurePrice>
      <AllowDiscount>1</AllowDiscount>
      <ItemStatus>1</ItemStatus>
    </Item>
    <Item>
      <PriceUpdateDate>2017-02-07 07:16</PriceUpdateDate>
      <ItemCode>7290105363602</ItemCode>
      <ItemType>1</ItemType>
      <ItemName>כיף כף מקלות קלאסי 40 גר</ItemName>
      <ManufacturerName>שולן צ'\יקולטה גידה סאן.</ManufacturerName>
      <ManufactureCountry>TR</ManufactureCountry>
      <ManufacturerItemDescription>כיף כף מקלות</ManufacturerItemDescription>
      <UnitQty>גרמים</UnitQty>
      <Quantity>40.00</Quantity>
      <bIsWeighted>0</bIsWeighted>
      <UnitOfMeasure>100 גרם</UnitOfMeasure>
      <QtyInPackage>0</QtyInPackage>
      <ItemPrice>5.20</ItemPrice>
      <UnitOfMeasurePrice>13.00</UnitOfMeasurePrice>
      <AllowDiscount>1</AllowDiscount>
      <ItemStatus>1</ItemStatus>
    </Item>
    <Item>
      <PriceUpdateDate>2017-02-07 07:16</PriceUpdateDate>
      <ItemCode>7290105364289</ItemCode>
      <ItemType>1</ItemType>
      <ItemName>כיף כף מקלות פצפוצים40גר</ItemName>
      <ManufacturerName>שולן צ'\יקולטה גידה סאן.</ManufacturerName>
      <ManufactureCountry>TR</ManufactureCountry>
      <ManufacturerItemDescription>כיף כף מקלות</ManufacturerItemDescription>
      <UnitQty>גרמים</UnitQty>
      <Quantity>40.00</Quantity>
      <bIsWeighted>0</bIsWeighted>
      <UnitOfMeasure>100 גרם</UnitOfMeasure>
      <QtyInPackage>0</QtyInPackage>
      <ItemPrice>5.20</ItemPrice>
      <UnitOfMeasurePrice>13.00</UnitOfMeasurePrice>
      <AllowDiscount>1</AllowDiscount>
      <ItemStatus>1</ItemStatus>
    </Item>
    <Item>
      <PriceUpdateDate>2013-12-22 10:38</PriceUpdateDate>
      <ItemCode>7290105364678</ItemCode>
      <ItemType>1</ItemType>
      <ItemName>משקה אקטיביה אפרסק 250מל</ItemName>
      <ManufacturerName>שטראוס גרופ בע"\מ</ManufacturerName>
      <ManufactureCountry>IL</ManufactureCountry>
      <ManufacturerItemDescription>משקה אקטיביה</ManufacturerItemDescription>
      <UnitQty>מיליליטרים</UnitQty>
      <Quantity>250.00</Quantity>
      <bIsWeighted>0</bIsWeighted>
      <UnitOfMeasure>100 מ"ל</UnitOfMeasure>
      <QtyInPackage>0</QtyInPackage>
      <ItemPrice>5.10</ItemPrice>
      <UnitOfMeasurePrice>2.04</UnitOfMeasurePrice>
      <AllowDiscount>1</AllowDiscount>
      <ItemStatus>1</ItemStatus>
    </Item>
    <Item>
      <PriceUpdateDate>2016-06-13 07:07</PriceUpdateDate>
      <ItemCode>7290105366993</ItemCode>
      <ItemType>1</ItemType>
      <ItemName>סימפוניה שיפקה חריף200</ItemName>
      <ManufacturerName>שטראוס</ManufacturerName>
      <ManufactureCountry>IL</ManufactureCountry>
      <ManufacturerItemDescription>סימפוניה פלפל</ManufacturerItemDescription>
      <UnitQty>גרמים</UnitQty>
      <Quantity>200.00</Quantity>
      <bIsWeighted>0</bIsWeighted>
      <UnitOfMeasure>100 גרם</UnitOfMeasure>
      <QtyInPackage>0</QtyInPackage>
      <ItemPrice>12.40</ItemPrice>
      <UnitOfMeasurePrice>6.20</UnitOfMeasurePrice>
      <AllowDiscount>1</AllowDiscount>
      <ItemStatus>1</ItemStatus>
    </Item>
    <Item>
      <PriceUpdateDate>2018-02-21 10:09</PriceUpdateDate>
      <ItemCode>7290105368331</ItemCode>
      <ItemType>1</ItemType>
      <ItemName>מילקי בטעם תות 170 מ"ל</ItemName>
      <ManufacturerName>שטראוס</ManufacturerName>
      <ManufactureCountry>IL</ManufactureCountry>
      <ManufacturerItemDescription>מילקי טעם תות</ManufacturerItemDescription>
      <UnitQty>מיליליטרים</UnitQty>
      <Quantity>170.00</Quantity>
      <bIsWeighted>0</bIsWeighted>
      <UnitOfMeasure>100 מ"ל</UnitOfMeasure>
      <QtyInPackage>0</QtyInPackage>
      <ItemPrice>2.90</ItemPrice>
      <UnitOfMeasurePrice>1.71</UnitOfMeasurePrice>
      <AllowDiscount>1</AllowDiscount>
      <ItemStatus>1</ItemStatus>
    </Item>
    <Item>
      <PriceUpdateDate>2016-06-13 07:07</PriceUpdateDate>
      <ItemCode>7290105369130</ItemCode>
      <ItemType>1</ItemType>
      <ItemName>סימפוניה בצל ירוק5% 200ג</ItemName>
      <ManufacturerName>שטראוס בריאות בע"\מ</ManufacturerName>
      <ManufactureCountry>IL</ManufactureCountry>
      <ManufacturerItemDescription>גבינת סימפוניה</ManufacturerItemDescription>
      <UnitQty>גרמים</UnitQty>
      <Quantity>200.00</Quantity>
      <bIsWeighted>0</bIsWeighted>
      <UnitOfMeasure>100 גרם</UnitOfMeasure>
      <QtyInPackage>0</QtyInPackage>
      <ItemPrice>12.40</ItemPrice>
      <UnitOfMeasurePrice>6.20</UnitOfMeasurePrice>
      <AllowDiscount>1</AllowDiscount>
      <ItemStatus>1</ItemStatus>
    </Item>
    <Item>
      <PriceUpdateDate>2019-08-13 08:20</PriceUpdateDate>
      <ItemCode>7290105430458</ItemCode>
      <ItemType>1</ItemType>
      <ItemName>סבון פלמוליב שקדים 750 מ</ItemName>
      <ManufacturerName>קולגייט פלמוליב</ManufacturerName>
      <ManufactureCountry>TR</ManufactureCountry>
      <ManufacturerItemDescription>סבון פלמוליב</ManufacturerItemDescription>
      <UnitQty>מיליליטרים</UnitQty>
      <Quantity>750.00</Quantity>
      <bIsWeighted>0</bIsWeighted>
      <UnitOfMeasure>100 מ"ל</UnitOfMeasure>
      <QtyInPackage>0</QtyInPackage>
      <ItemPrice>19.90</ItemPrice>
      <UnitOfMeasurePrice>2.65</UnitOfMeasurePrice>
      <AllowDiscount>1</AllowDiscount>
      <ItemStatus>1</ItemStatus>
    </Item>
    <Item>
      <PriceUpdateDate>2020-10-10 18:30</PriceUpdateDate>
      <ItemCode>7290105500151</ItemCode>
      <ItemType>1</ItemType>
      <ItemName>וודקה פינלנדיה</ItemName>
      <ManufacturerName />
      <ManufactureCountry>FI</ManufactureCountry>
      <ManufacturerItemDescription>וודקה פינלנדיה</ManufacturerItemDescription>
      <UnitQty>מיליליטרים</UnitQty>
      <Quantity>700.00</Quantity>
      <bIsWeighted>0</bIsWeighted>
      <UnitOfMeasure>100 מ"ל</UnitOfMeasure>
      <QtyInPackage>0</QtyInPackage>
      <ItemPrice>65.90</ItemPrice>
      <UnitOfMeasurePrice>9.41</UnitOfMeasurePrice>
      <AllowDiscount>1</AllowDiscount>
      <ItemStatus>1</ItemStatus>
    </Item>
    <Item>
      <PriceUpdateDate>2015-09-30 08:09</PriceUpdateDate>
      <ItemCode>7290105691248</ItemCode>
      <ItemType>1</ItemType>
      <ItemName>קריספי טורטיה תירס 60 גר</ItemName>
      <ManufacturerName>פרח תעשיות מזון בע"מ.</ManufacturerName>
      <ManufactureCountry>IL</ManufactureCountry>
      <ManufacturerItemDescription>קריספי טורטיה</ManufacturerItemDescription>
      <UnitQty>גרמים</UnitQty>
      <Quantity>60.00</Quantity>
      <bIsWeighted>0</bIsWeighted>
      <UnitOfMeasure>100 גרם</UnitOfMeasure>
      <QtyInPackage>0</QtyInPackage>
      <ItemPrice>8.10</ItemPrice>
      <UnitOfMeasurePrice>13.50</UnitOfMeasurePrice>
      <AllowDiscount>1</AllowDiscount>
      <ItemStatus>1</ItemStatus>
    </Item>
    <Item>
      <PriceUpdateDate>2018-02-21 10:09</PriceUpdateDate>
      <ItemCode>7290105693341</ItemCode>
      <ItemType>1</ItemType>
      <ItemName>במבה 25*10 גרם</ItemName>
      <ManufacturerName>אסם השקעות בע"\מ</ManufacturerName>
      <ManufactureCountry>IL</ManufactureCountry>
      <ManufacturerItemDescription>במבה 10 יח</ManufacturerItemDescription>
      <UnitQty>גרמים</UnitQty>
      <Quantity>250.00</Quantity>
      <bIsWeighted>0</bIsWeighted>
      <UnitOfMeasure>100 גרם</UnitOfMeasure>
      <QtyInPackage>0</QtyInPackage>
      <ItemPrice>17.90</ItemPrice>
      <UnitOfMeasurePrice>7.16</UnitOfMeasurePrice>
      <AllowDiscount>1</AllowDiscount>
      <ItemStatus>1</ItemStatus>
    </Item>
    <Item>
      <PriceUpdateDate>2020-08-04 16:29</PriceUpdateDate>
      <ItemCode>7290105694928</ItemCode>
      <ItemType>1</ItemType>
      <ItemName>מרק בצל רכיבים טבעיים220</ItemName>
      <ManufacturerName>אסם השקעות בע"\מ</ManufacturerName>
      <ManufactureCountry>IL</ManufactureCountry>
      <ManufacturerItemDescription>מרק בצל</ManufacturerItemDescription>
      <UnitQty>גרמים</UnitQty>
      <Quantity>220.00</Quantity>
      <bIsWeighted>0</bIsWeighted>
      <UnitOfMeasure>100 גרם</UnitOfMeasure>
      <QtyInPackage>0</QtyInPackage>
      <ItemPrice>17.90</ItemPrice>
      <UnitOfMeasurePrice>8.14</UnitOfMeasurePrice>
      <AllowDiscount>1</AllowDiscount>
      <ItemStatus>1</ItemStatus>
    </Item>
    <Item>
      <PriceUpdateDate>2017-01-03 06:55</PriceUpdateDate>
      <ItemCode>7290105961181</ItemCode>
      <ItemType>1</ItemType>
      <ItemName>פונץ' בננה מהדרין 1ליטר</ItemName>
      <ManufacturerName>מחלבת יטבתה</ManufacturerName>
      <ManufactureCountry>IL</ManufactureCountry>
      <ManufacturerItemDescription>פונץ' בננה יטבתה</ManufacturerItemDescription>
      <UnitQty>מיליליטרים</UnitQty>
      <Quantity>1000.00</Quantity>
      <bIsWeighted>0</bIsWeighted>
      <UnitOfMeasure>100 מ"ל</UnitOfMeasure>
      <QtyInPackage>0</QtyInPackage>
      <ItemPrice>12.00</ItemPrice>
      <UnitOfMeasurePrice>1.20</UnitOfMeasurePrice>
      <AllowDiscount>1</AllowDiscount>
      <ItemStatus>1</ItemStatus>
    </Item>
    <Item>
      <PriceUpdateDate>2018-03-06 07:23</PriceUpdateDate>
      <ItemCode>7290105961525</ItemCode>
      <ItemType>1</ItemType>
      <ItemName>שוק.ספלנדיד מריר85% 100ג</ItemName>
      <ManufacturerName>שטראוס גרופ בע"\מ</ManufacturerName>
      <ManufactureCountry>IL</ManufactureCountry>
      <ManufacturerItemDescription>שוקולד ספלנדיד</ManufacturerItemDescription>
      <UnitQty>גרמים</UnitQty>
      <Quantity>100.00</Quantity>
      <bIsWeighted>0</bIsWeighted>
      <UnitOfMeasure>100 גרם</UnitOfMeasure>
      <QtyInPackage>0</QtyInPackage>
      <ItemPrice>12.50</ItemPrice>
      <UnitOfMeasurePrice>12.50</UnitOfMeasurePrice>
      <AllowDiscount>1</AllowDiscount>
      <ItemStatus>1</ItemStatus>
    </Item>
    <Item>
      <PriceUpdateDate>2017-02-07 07:17</PriceUpdateDate>
      <ItemCode>7290105964564</ItemCode>
      <ItemType>1</ItemType>
      <ItemName>חומוס אחלה 400 גרם</ItemName>
      <ManufacturerName>שטראוס גרופ בע"\מ</ManufacturerName>
      <ManufactureCountry>IL</ManufactureCountry>
      <ManufacturerItemDescription>סלט חומוס אחלה</ManufacturerItemDescription>
      <UnitQty>גרמים</UnitQty>
      <Quantity>400.00</Quantity>
      <bIsWeighted>0</bIsWeighted>
      <UnitOfMeasure>100 גרם</UnitOfMeasure>
      <QtyInPackage>1</QtyInPackage>
      <ItemPrice>9.50</ItemPrice>
      <UnitOfMeasurePrice>2.38</UnitOfMeasurePrice>
      <AllowDiscount>1</AllowDiscount>
      <ItemStatus>1</ItemStatus>
    </Item>
    <Item>
      <PriceUpdateDate>2014-04-27 17:50</PriceUpdateDate>
      <ItemCode>7290105965738</ItemCode>
      <ItemType>1</ItemType>
      <ItemName>דנונה לשתיה תות בננה267ג</ItemName>
      <ManufacturerName>שטראוס גרופ בע"\מ</ManufacturerName>
      <ManufactureCountry>IL</ManufactureCountry>
      <ManufacturerItemDescription>דנונה לשתיה</ManufacturerItemDescription>
      <UnitQty>גרמים</UnitQty>
      <Quantity>267.00</Quantity>
      <bIsWeighted>0</bIsWeighted>
      <UnitOfMeasure>100 גרם</UnitOfMeasure>
      <QtyInPackage>0</QtyInPackage>
      <ItemPrice>5.30</ItemPrice>
      <UnitOfMeasurePrice>1.99</UnitOfMeasurePrice>
      <AllowDiscount>1</AllowDiscount>
      <ItemStatus>1</ItemStatus>
    </Item>
    <Item>
      <PriceUpdateDate>2018-05-22 12:22</PriceUpdateDate>
      <ItemCode>7290105968777</ItemCode>
      <ItemType>1</ItemType>
      <ItemName>פריכיות תחתית שוק.מריר70</ItemName>
      <ManufacturerName>שטראוס גרופ בע"\מ</ManufacturerName>
      <ManufactureCountry>IL</ManufactureCountry>
      <ManufacturerItemDescription>פריכיות + שוקולד</ManufacturerItemDescription>
      <UnitQty>גרמים</UnitQty>
      <Quantity>70.00</Quantity>
      <bIsWeighted>0</bIsWeighted>
      <UnitOfMeasure>100 גרם</UnitOfMeasure>
      <QtyInPackage>0</QtyInPackage>
      <ItemPrice>8.90</ItemPrice>
      <UnitOfMeasurePrice>12.71</UnitOfMeasurePrice>
      <AllowDiscount>1</AllowDiscount>
      <ItemStatus>1</ItemStatus>
    </Item>
    <Item>
      <PriceUpdateDate>2020-10-10 19:00</PriceUpdateDate>
      <ItemCode>7290106268708</ItemCode>
      <ItemType>1</ItemType>
      <ItemName>אליאן א.ד.פ לאשה 60 מ"ל</ItemName>
      <ManufacturerName>טרי מוגלר בישום</ManufacturerName>
      <ManufactureCountry>IL</ManufactureCountry>
      <ManufacturerItemDescription>אליאן א.ד.פ</ManufacturerItemDescription>
      <UnitQty>מיליליטרים</UnitQty>
      <Quantity>60.00</Quantity>
      <bIsWeighted>0</bIsWeighted>
      <UnitOfMeasure>100 מ"ל</UnitOfMeasure>
      <QtyInPackage>1</QtyInPackage>
      <ItemPrice>249.00</ItemPrice>
      <UnitOfMeasurePrice>415.00</UnitOfMeasurePrice>
      <AllowDiscount>1</AllowDiscount>
      <ItemStatus>1</ItemStatus>
    </Item>
    <Item>
      <PriceUpdateDate>2020-10-10 19:00</PriceUpdateDate>
      <ItemCode>7290106269026</ItemCode>
      <ItemType>1</ItemType>
      <ItemName>פיפט אווניו אדפ לאשה 125</ItemName>
      <ManufacturerName>אלפא בישום</ManufacturerName>
      <ManufactureCountry>US</ManufactureCountry>
      <ManufacturerItemDescription>פיפט אווניו אדפ</ManufacturerItemDescription>
      <UnitQty>מיליליטרים</UnitQty>
      <Quantity>125.00</Quantity>
      <bIsWeighted>0</bIsWeighted>
      <UnitOfMeasure>100 מ"ל</UnitOfMeasure>
      <QtyInPackage>1</QtyInPackage>
      <ItemPrice>89.00</ItemPrice>
      <UnitOfMeasurePrice>71.20</UnitOfMeasurePrice>
      <AllowDiscount>1</AllowDiscount>
      <ItemStatus>1</ItemStatus>
    </Item>
    <Item>
      <PriceUpdateDate>2019-08-13 08:20</PriceUpdateDate>
      <ItemCode>7290106520066</ItemCode>
      <ItemType>1</ItemType>
      <ItemName>רבע לשבע גלילית אגוז160ג</ItemName>
      <ManufacturerName>הגביע מוצרי וופלים בע"\מ</ManufacturerName>
      <ManufactureCountry>IL</ManufactureCountry>
      <ManufacturerItemDescription>רבע לשבע 160 גרם</ManufacturerItemDescription>
      <UnitQty>גרמים</UnitQty>
      <Quantity>160.00</Quantity>
      <bIsWeighted>0</bIsWeighted>
      <UnitOfMeasure>100 גרם</UnitOfMeasure>
      <QtyInPackage>0</QtyInPackage>
      <ItemPrice>12.90</ItemPrice>
      <UnitOfMeasurePrice>8.06</UnitOfMeasurePrice>
      <AllowDiscount>1</AllowDiscount>
      <ItemStatus>1</ItemStatus>
    </Item>
    <Item>
      <PriceUpdateDate>2018-02-21 10:09</PriceUpdateDate>
      <ItemCode>7290106524439</ItemCode>
      <ItemType>1</ItemType>
      <ItemName>תפוצ'יפס פופס טבעי 60גרם</ItemName>
      <ManufacturerName>שטראוס פריטו ליי בע"\מ )</ManufacturerName>
      <ManufactureCountry>IL</ManufactureCountry>
      <ManufacturerItemDescription>תפוצ'יפס פופס</ManufacturerItemDescription>
      <UnitQty>גרמים</UnitQty>
      <Quantity>60.00</Quantity>
      <bIsWeighted>0</bIsWeighted>
      <UnitOfMeasure>100 גרם</UnitOfMeasure>
      <QtyInPackage>1</QtyInPackage>
      <ItemPrice>4.30</ItemPrice>
      <UnitOfMeasurePrice>7.17</UnitOfMeasurePrice>
      <AllowDiscount>1</AllowDiscount>
      <ItemStatus>1</ItemStatus>
    </Item>
    <Item>
      <PriceUpdateDate>2018-05-22 12:22</PriceUpdateDate>
      <ItemCode>7290106526822</ItemCode>
      <ItemType>1</ItemType>
      <ItemName>פריכיות תחתית חלב 80גרם</ItemName>
      <ManufacturerName>שטראוס גרופ בע"\מ</ManufacturerName>
      <ManufactureCountry>IL</ManufactureCountry>
      <ManufacturerItemDescription>פריכיות</ManufacturerItemDescription>
      <UnitQty>גרמים</UnitQty>
      <Quantity>80.00</Quantity>
      <bIsWeighted>0</bIsWeighted>
      <UnitOfMeasure>100 גרם</UnitOfMeasure>
      <QtyInPackage>0</QtyInPackage>
      <ItemPrice>8.90</ItemPrice>
      <UnitOfMeasurePrice>11.13</UnitOfMeasurePrice>
      <AllowDiscount>1</AllowDiscount>
      <ItemStatus>1</ItemStatus>
    </Item>
    <Item>
      <PriceUpdateDate>2018-05-22 12:22</PriceUpdateDate>
      <ItemCode>7290106527386</ItemCode>
      <ItemType>1</ItemType>
      <ItemName>פריכיות אנרג'י שוק.חלב70</ItemName>
      <ManufacturerName>שטראוס גרופ בע"\מ</ManufacturerName>
      <ManufactureCountry>IL</ManufactureCountry>
      <ManufacturerItemDescription>פריכיות אנרג'י</ManufacturerItemDescription>
      <UnitQty>גרמים</UnitQty>
      <Quantity>70.00</Quantity>
      <bIsWeighted>0</bIsWeighted>
      <UnitOfMeasure>100 גרם</UnitOfMeasure>
      <QtyInPackage>0</QtyInPackage>
      <ItemPrice>8.90</ItemPrice>
      <UnitOfMeasurePrice>12.71</UnitOfMeasurePrice>
      <AllowDiscount>1</AllowDiscount>
      <ItemStatus>1</ItemStatus>
    </Item>
    <Item>
      <PriceUpdateDate>2020-08-04 16:29</PriceUpdateDate>
      <ItemCode>7290106570573</ItemCode>
      <ItemType>1</ItemType>
      <ItemName>בונזור חלה מתוקה 500 גרם</ItemName>
      <ManufacturerName>אסם השקעות בע"מ</ManufacturerName>
      <ManufactureCountry>IL</ManufactureCountry>
      <ManufacturerItemDescription>בונזור חלה מתוקה</ManufacturerItemDescription>
      <UnitQty>גרמים</UnitQty>
      <Quantity>500.00</Quantity>
      <bIsWeighted>0</bIsWeighted>
      <UnitOfMeasure>100 גרם</UnitOfMeasure>
      <QtyInPackage>1</QtyInPackage>
      <ItemPrice>12.90</ItemPrice>
      <UnitOfMeasurePrice>2.58</UnitOfMeasurePrice>
      <AllowDiscount>1</AllowDiscount>
      <ItemStatus>1</ItemStatus>
    </Item>
    <Item>
      <PriceUpdateDate>2018-08-06 00:57</PriceUpdateDate>
      <ItemCode>7290106571792</ItemCode>
      <ItemType>1</ItemType>
      <ItemName>נסטלה ויטמינצ'יק קרחון ע</ItemName>
      <ManufacturerName>גלידות נסטלה )נגה גלידות</ManufacturerName>
      <ManufactureCountry>IL</ManufactureCountry>
      <ManufacturerItemDescription>נסטלה ויטמינצ'יק</ManufacturerItemDescription>
      <UnitQty>יחידה</UnitQty>
      <Quantity>1.00</Quantity>
      <bIsWeighted>0</bIsWeighted>
      <UnitOfMeasure>יחידה</UnitOfMeasure>
      <QtyInPackage>1</QtyInPackage>
      <ItemPrice>3.00</ItemPrice>
      <UnitOfMeasurePrice>3.00</UnitOfMeasurePrice>
      <AllowDiscount>1</AllowDiscount>
      <ItemStatus>1</ItemStatus>
    </Item>
    <Item>
      <PriceUpdateDate>2015-09-30 08:09</PriceUpdateDate>
      <ItemCode>7290106573277</ItemCode>
      <ItemType>1</ItemType>
      <ItemName>חט.קריספי טאפאס זיתים150</ItemName>
      <ManufacturerName>אסם השקעות בע"\מ</ManufacturerName>
      <ManufactureCountry>IL</ManufactureCountry>
      <ManufacturerItemDescription>חטיפי קריספי</ManufacturerItemDescription>
      <UnitQty>גרמים</UnitQty>
      <Quantity>150.00</Quantity>
      <bIsWeighted>0</bIsWeighted>
      <UnitOfMeasure>100 גרם</UnitOfMeasure>
      <QtyInPackage>0</QtyInPackage>
      <ItemPrice>13.40</ItemPrice>
      <UnitOfMeasurePrice>8.93</UnitOfMeasurePrice>
      <AllowDiscount>1</AllowDiscount>
      <ItemStatus>1</ItemStatus>
    </Item>
    <Item>
      <PriceUpdateDate>2016-06-15 13:44</PriceUpdateDate>
      <ItemCode>7290106574120</ItemCode>
      <ItemType>1</ItemType>
      <ItemName>קרחון גומיגם 1יח'</ItemName>
      <ManufacturerName>גלידות נסטלה )נגה גלידות</ManufacturerName>
      <ManufactureCountry>IL</ManufactureCountry>
      <ManufacturerItemDescription>קרחון גומיגם</ManufacturerItemDescription>
      <UnitQty>יחידה</UnitQty>
      <Quantity>1.00</Quantity>
      <bIsWeighted>0</bIsWeighted>
      <UnitOfMeasure>יחידה</UnitOfMeasure>
      <QtyInPackage>0</QtyInPackage>
      <ItemPrice>7.00</ItemPrice>
      <UnitOfMeasurePrice>7.00</UnitOfMeasurePrice>
      <AllowDiscount>1</AllowDiscount>
      <ItemStatus>1</ItemStatus>
    </Item>
    <Item>
      <PriceUpdateDate>2016-02-02 06:49</PriceUpdateDate>
      <ItemCode>7290106574977</ItemCode>
      <ItemType>1</ItemType>
      <ItemName>בייגלה שטוחים מלח300גרם</ItemName>
      <ManufacturerName>אסם השקעות בע"\מ</ManufacturerName>
      <ManufactureCountry>IL</ManufactureCountry>
      <ManufacturerItemDescription>בייגלה שטוחים</ManufacturerItemDescription>
      <UnitQty>גרמים</UnitQty>
      <Quantity>300.00</Quantity>
      <bIsWeighted>0</bIsWeighted>
      <UnitOfMeasure>100 גרם</UnitOfMeasure>
      <QtyInPackage>0</QtyInPackage>
      <ItemPrice>11.90</ItemPrice>
      <UnitOfMeasurePrice>3.97</UnitOfMeasurePrice>
      <AllowDiscount>1</AllowDiscount>
      <ItemStatus>1</ItemStatus>
    </Item>
    <Item>
      <PriceUpdateDate>2015-05-19 08:32</PriceUpdateDate>
      <ItemCode>7290106654921</ItemCode>
      <ItemType>1</ItemType>
      <ItemName>תפוציפס אקסטרא טבעי50ג</ItemName>
      <ManufacturerName>שטראוס פריטו ליי בע"\מ )</ManufacturerName>
      <ManufactureCountry>IL</ManufactureCountry>
      <ManufacturerItemDescription>תפוצ'יפס אקסטרא</ManufacturerItemDescription>
      <UnitQty>גרמים</UnitQty>
      <Quantity>50.00</Quantity>
      <bIsWeighted>0</bIsWeighted>
      <UnitOfMeasure>100 גרם</UnitOfMeasure>
      <QtyInPackage>0</QtyInPackage>
      <ItemPrice>4.40</ItemPrice>
      <UnitOfMeasurePrice>8.80</UnitOfMeasurePrice>
      <AllowDiscount>1</AllowDiscount>
      <ItemStatus>1</ItemStatus>
    </Item>
    <Item>
      <PriceUpdateDate>2017-05-23 08:22</PriceUpdateDate>
      <ItemCode>7290106656260</ItemCode>
      <ItemType>1</ItemType>
      <ItemName>פופקורן בטעם טבעי 65 גרם</ItemName>
      <ManufacturerName>שטראוס פריטו ליי בע"\מ )</ManufacturerName>
      <ManufactureCountry>IL</ManufactureCountry>
      <ManufacturerItemDescription>פופקורן טבעי</ManufacturerItemDescription>
      <UnitQty>גרמים</UnitQty>
      <Quantity>65.00</Quantity>
      <bIsWeighted>0</bIsWeighted>
      <UnitOfMeasure>100 גרם</UnitOfMeasure>
      <QtyInPackage>1</QtyInPackage>
      <ItemPrice>4.80</ItemPrice>
      <UnitOfMeasurePrice>7.38</UnitOfMeasurePrice>
      <AllowDiscount>1</AllowDiscount>
      <ItemStatus>1</ItemStatus>
    </Item>
    <Item>
      <PriceUpdateDate>2015-09-30 08:09</PriceUpdateDate>
      <ItemCode>7290106656727</ItemCode>
      <ItemType>1</ItemType>
      <ItemName>חיוכים שוקולד 600 גרם</ItemName>
      <ManufacturerName>שטראוס</ManufacturerName>
      <ManufactureCountry>IL</ManufactureCountry>
      <ManufacturerItemDescription>חיוכים שוקולד</ManufacturerItemDescription>
      <UnitQty>גרמים</UnitQty>
      <Quantity>600.00</Quantity>
      <bIsWeighted>0</bIsWeighted>
      <UnitOfMeasure>100 גרם</UnitOfMeasure>
      <QtyInPackage>0</QtyInPackage>
      <ItemPrice>18.70</ItemPrice>
      <UnitOfMeasurePrice>3.12</UnitOfMeasurePrice>
      <AllowDiscount>1</AllowDiscount>
      <ItemStatus>1</ItemStatus>
    </Item>
    <Item>
      <PriceUpdateDate>2016-08-12 07:55</PriceUpdateDate>
      <ItemCode>7290106658479</ItemCode>
      <ItemType>1</ItemType>
      <ItemName>טורטית מגדים 40 גרם</ItemName>
      <ManufacturerName>שטראוס גרופ בע"\מ</ManufacturerName>
      <ManufactureCountry>IL</ManufactureCountry>
      <ManufacturerItemDescription>טורטית מגדים</ManufacturerItemDescription>
      <UnitQty>גרמים</UnitQty>
      <Quantity>40.00</Quantity>
      <bIsWeighted>0</bIsWeighted>
      <UnitOfMeasure>100 גרם</UnitOfMeasure>
      <QtyInPackage>1</QtyInPackage>
      <ItemPrice>4.50</ItemPrice>
      <UnitOfMeasurePrice>11.25</UnitOfMeasurePrice>
      <AllowDiscount>1</AllowDiscount>
      <ItemStatus>1</ItemStatus>
    </Item>
    <Item>
      <PriceUpdateDate>2015-09-30 08:05</PriceUpdateDate>
      <ItemCode>7290106662384</ItemCode>
      <ItemType>1</ItemType>
      <ItemName>בונ.איחולים מתוקים 42גרם</ItemName>
      <ManufacturerName>תופינית</ManufacturerName>
      <ManufactureCountry>IL</ManufactureCountry>
      <ManufacturerItemDescription>בונ.איחולים מתוק</ManufacturerItemDescription>
      <UnitQty>גרמים</UnitQty>
      <Quantity>42.00</Quantity>
      <bIsWeighted>0</bIsWeighted>
      <UnitOfMeasure>100 גרם</UnitOfMeasure>
      <QtyInPackage>0</QtyInPackage>
      <ItemPrice>10.80</ItemPrice>
      <UnitOfMeasurePrice>25.71</UnitOfMeasurePrice>
      <AllowDiscount>1</AllowDiscount>
      <ItemStatus>1</ItemStatus>
    </Item>
    <Item>
      <PriceUpdateDate>2015-09-18 07:31</PriceUpdateDate>
      <ItemCode>7290106663121</ItemCode>
      <ItemType>1</ItemType>
      <ItemName>מילקי קייק 34 גרם</ItemName>
      <ManufacturerName>בובארד איטליה אס.פי.איי</ManufacturerName>
      <ManufactureCountry>IT</ManufactureCountry>
      <ManufacturerItemDescription>מילקי קייק</ManufacturerItemDescription>
      <UnitQty>גרמים</UnitQty>
      <Quantity>34.00</Quantity>
      <bIsWeighted>0</bIsWeighted>
      <UnitOfMeasure>100 גרם</UnitOfMeasure>
      <QtyInPackage>1</QtyInPackage>
      <ItemPrice>3.10</ItemPrice>
      <UnitOfMeasurePrice>9.12</UnitOfMeasurePrice>
      <AllowDiscount>1</AllowDiscount>
      <ItemStatus>1</ItemStatus>
    </Item>
    <Item>
      <PriceUpdateDate>2015-09-30 08:05</PriceUpdateDate>
      <ItemCode>7290106663565</ItemCode>
      <ItemType>1</ItemType>
      <ItemName>חלבית - חלבי 300 גרם</ItemName>
      <ManufacturerName>עלית</ManufacturerName>
      <ManufactureCountry>IL</ManufactureCountry>
      <ManufacturerItemDescription>חלבית - חלבי</ManufacturerItemDescription>
      <UnitQty>גרמים</UnitQty>
      <Quantity>300.00</Quantity>
      <bIsWeighted>0</bIsWeighted>
      <UnitOfMeasure>100 גרם</UnitOfMeasure>
      <QtyInPackage>1</QtyInPackage>
      <ItemPrice>20.50</ItemPrice>
      <UnitOfMeasurePrice>6.83</UnitOfMeasurePrice>
      <AllowDiscount>1</AllowDiscount>
      <ItemStatus>1</ItemStatus>
    </Item>
    <Item>
      <PriceUpdateDate>2018-02-21 10:09</PriceUpdateDate>
      <ItemCode>7290106664562</ItemCode>
      <ItemType>1</ItemType>
      <ItemName>רוטב שמנת+פטריות 9% 200מ</ItemName>
      <ManufacturerName>יטבתה</ManufacturerName>
      <ManufactureCountry>IL</ManufactureCountry>
      <ManufacturerItemDescription>רוטב שמנת פטריות</ManufacturerItemDescription>
      <UnitQty>מיליליטרים</UnitQty>
      <Quantity>250.00</Quantity>
      <bIsWeighted>0</bIsWeighted>
      <UnitOfMeasure>100 מ"ל</UnitOfMeasure>
      <QtyInPackage>1</QtyInPackage>
      <ItemPrice>11.30</ItemPrice>
      <UnitOfMeasurePrice>4.52</UnitOfMeasurePrice>
      <AllowDiscount>1</AllowDiscount>
      <ItemStatus>1</ItemStatus>
    </Item>
    <Item>
      <PriceUpdateDate>2016-05-13 07:22</PriceUpdateDate>
      <ItemCode>7290106668713</ItemCode>
      <ItemType>1</ItemType>
      <ItemName>דנונה פירות יער 3% 150גר</ItemName>
      <ManufacturerName>שטראוס גרופ בע"\מ</ManufacturerName>
      <ManufactureCountry>IL</ManufactureCountry>
      <ManufacturerItemDescription>דנונה פירות יער</ManufacturerItemDescription>
      <UnitQty>גרמים</UnitQty>
      <Quantity>150.00</Quantity>
      <bIsWeighted>0</bIsWeighted>
      <UnitOfMeasure>100 גרם</UnitOfMeasure>
      <QtyInPackage>1</QtyInPackage>
      <ItemPrice>3.90</ItemPrice>
      <UnitOfMeasurePrice>2.60</UnitOfMeasurePrice>
      <AllowDiscount>1</AllowDiscount>
      <ItemStatus>1</ItemStatus>
    </Item>
    <Item>
      <PriceUpdateDate>2018-05-22 12:22</PriceUpdateDate>
      <ItemCode>7290106720626</ItemCode>
      <ItemType>1</ItemType>
      <ItemName>ציטוס גבינה 80 גרם</ItemName>
      <ManufacturerName>שטראוס פריטו ליי בע"\מ )</ManufacturerName>
      <ManufactureCountry>IL</ManufactureCountry>
      <ManufacturerItemDescription>ציטוס גבינה</ManufacturerItemDescription>
      <UnitQty>גרמים</UnitQty>
      <Quantity>80.00</Quantity>
      <bIsWeighted>0</bIsWeighted>
      <UnitOfMeasure>100 גרם</UnitOfMeasure>
      <QtyInPackage>1</QtyInPackage>
      <ItemPrice>5.20</ItemPrice>
      <UnitOfMeasurePrice>6.50</UnitOfMeasurePrice>
      <AllowDiscount>1</AllowDiscount>
      <ItemStatus>1</ItemStatus>
    </Item>
    <Item>
      <PriceUpdateDate>2017-02-07 07:16</PriceUpdateDate>
      <ItemCode>7290106721906</ItemCode>
      <ItemType>1</ItemType>
      <ItemName>מסטיק בזוקה צ'יקלט 66גרם</ItemName>
      <ManufacturerName>עלית</ManufacturerName>
      <ManufactureCountry>IL</ManufactureCountry>
      <ManufacturerItemDescription>מסטיק בזוקה</ManufacturerItemDescription>
      <UnitQty>גרמים</UnitQty>
      <Quantity>66.00</Quantity>
      <bIsWeighted>0</bIsWeighted>
      <UnitOfMeasure>100 גרם</UnitOfMeasure>
      <QtyInPackage>1</QtyInPackage>
      <ItemPrice>11.50</ItemPrice>
      <UnitOfMeasurePrice>17.42</UnitOfMeasurePrice>
      <AllowDiscount>1</AllowDiscount>
      <ItemStatus>1</ItemStatus>
    </Item>
    <Item>
      <PriceUpdateDate>2017-02-07 07:16</PriceUpdateDate>
      <ItemCode>7290106721913</ItemCode>
      <ItemType>1</ItemType>
      <ItemName>מסטיק מרעננת מגדים 66גרם</ItemName>
      <ManufacturerName>עלית</ManufacturerName>
      <ManufactureCountry>IL</ManufactureCountry>
      <ManufacturerItemDescription>מסטיק מרעננת</ManufacturerItemDescription>
      <UnitQty>גרמים</UnitQty>
      <Quantity>66.00</Quantity>
      <bIsWeighted>0</bIsWeighted>
      <UnitOfMeasure>100 גרם</UnitOfMeasure>
      <QtyInPackage>1</QtyInPackage>
      <ItemPrice>11.50</ItemPrice>
      <UnitOfMeasurePrice>17.42</UnitOfMeasurePrice>
      <AllowDiscount>1</AllowDiscount>
      <ItemStatus>1</ItemStatus>
    </Item>
    <Item>
      <PriceUpdateDate>2017-02-07 07:16</PriceUpdateDate>
      <ItemCode>7290106721920</ItemCode>
      <ItemType>1</ItemType>
      <ItemName>מסטיק ספירמינט צ'יקלט66ג</ItemName>
      <ManufacturerName>עלית</ManufacturerName>
      <ManufactureCountry>IL</ManufactureCountry>
      <ManufacturerItemDescription>מסטיק ספירמינט</ManufacturerItemDescription>
      <UnitQty>גרמים</UnitQty>
      <Quantity>66.00</Quantity>
      <bIsWeighted>0</bIsWeighted>
      <UnitOfMeasure>100 גרם</UnitOfMeasure>
      <QtyInPackage>1</QtyInPackage>
      <ItemPrice>11.50</ItemPrice>
      <UnitOfMeasurePrice>17.42</UnitOfMeasurePrice>
      <AllowDiscount>1</AllowDiscount>
      <ItemStatus>1</ItemStatus>
    </Item>
    <Item>
      <PriceUpdateDate>2015-12-29 06:44</PriceUpdateDate>
      <ItemCode>7290106726178</ItemCode>
      <ItemType>1</ItemType>
      <ItemName>דנונה פרו פירות יער150ג</ItemName>
      <ManufacturerName>שטראוס גרופ בע"\מ</ManufacturerName>
      <ManufactureCountry>IL</ManufactureCountry>
      <ManufacturerItemDescription>דנונה פרו פ.יער</ManufacturerItemDescription>
      <UnitQty>גרמים</UnitQty>
      <Quantity>150.00</Quantity>
      <bIsWeighted>0</bIsWeighted>
      <UnitOfMeasure>100 גרם</UnitOfMeasure>
      <QtyInPackage>1</QtyInPackage>
      <ItemPrice>4.90</ItemPrice>
      <UnitOfMeasurePrice>3.27</UnitOfMeasurePrice>
      <AllowDiscount>1</AllowDiscount>
      <ItemStatus>1</ItemStatus>
    </Item>
    <Item>
      <PriceUpdateDate>2018-02-21 10:09</PriceUpdateDate>
      <ItemCode>7290106726796</ItemCode>
      <ItemType>1</ItemType>
      <ItemName>דנונה בר עדשים 180 גרם</ItemName>
      <ManufacturerName>שטראוס בריאות בע"\מ</ManufacturerName>
      <ManufactureCountry>IL</ManufactureCountry>
      <ManufacturerItemDescription>דנונה בר עדשים</ManufacturerItemDescription>
      <UnitQty>גרמים</UnitQty>
      <Quantity>180.00</Quantity>
      <bIsWeighted>0</bIsWeighted>
      <UnitOfMeasure>100 גרם</UnitOfMeasure>
      <QtyInPackage>1</QtyInPackage>
      <ItemPrice>4.80</ItemPrice>
      <UnitOfMeasurePrice>2.67</UnitOfMeasurePrice>
      <AllowDiscount>1</AllowDiscount>
      <ItemStatus>1</ItemStatus>
    </Item>
    <Item>
      <PriceUpdateDate>2018-01-30 11:39</PriceUpdateDate>
      <ItemCode>7290106727984</ItemCode>
      <ItemType>1</ItemType>
      <ItemName>כיף כף פצפצים בגביע135ג</ItemName>
      <ManufacturerName>שולן צ'\יקולטה גידה סאן.</ManufacturerName>
      <ManufactureCountry>TR</ManufactureCountry>
      <ManufacturerItemDescription>כיף כף פצפצים</ManufacturerItemDescription>
      <UnitQty>גרמים</UnitQty>
      <Quantity>135.00</Quantity>
      <bIsWeighted>0</bIsWeighted>
      <UnitOfMeasure>100 גרם</UnitOfMeasure>
      <QtyInPackage>1</QtyInPackage>
      <ItemPrice>11.50</ItemPrice>
      <UnitOfMeasurePrice>8.52</UnitOfMeasurePrice>
      <AllowDiscount>1</AllowDiscount>
      <ItemStatus>1</ItemStatus>
    </Item>
    <Item>
      <PriceUpdateDate>2017-07-25 08:39</PriceUpdateDate>
      <ItemCode>7290106729421</ItemCode>
      <ItemType>1</ItemType>
      <ItemName>עוגת בראוניז טורטית380ג</ItemName>
      <ManufacturerName>שטראוס גרופ בע"\מ</ManufacturerName>
      <ManufactureCountry>IL</ManufactureCountry>
      <ManufacturerItemDescription>עוגת בראוניז</ManufacturerItemDescription>
      <UnitQty>גרמים</UnitQty>
      <Quantity>380.00</Quantity>
      <bIsWeighted>0</bIsWeighted>
      <UnitOfMeasure>100 גרם</UnitOfMeasure>
      <QtyInPackage>1</QtyInPackage>
      <ItemPrice>18.50</ItemPrice>
      <UnitOfMeasurePrice>4.87</UnitOfMeasurePrice>
      <AllowDiscount>1</AllowDiscount>
      <ItemStatus>1</ItemStatus>
    </Item>
    <Item>
      <PriceUpdateDate>2015-09-30 08:14</PriceUpdateDate>
      <ItemCode>7290107280037</ItemCode>
      <ItemType>1</ItemType>
      <ItemName>מגבונים לניקוי</ItemName>
      <ManufacturerName />
      <ManufactureCountry>IL</ManufactureCountry>
      <ManufacturerItemDescription>מגבונים לניקוי</ManufacturerItemDescription>
      <UnitQty>יחידה</UnitQty>
      <Quantity>1.00</Quantity>
      <bIsWeighted>0</bIsWeighted>
      <UnitOfMeasure>יחידה</UnitOfMeasure>
      <QtyInPackage>0</QtyInPackage>
      <ItemPrice>11.30</ItemPrice>
      <UnitOfMeasurePrice>11.30</UnitOfMeasurePrice>
      <AllowDiscount>1</AllowDiscount>
      <ItemStatus>1</ItemStatus>
    </Item>
    <Item>
      <PriceUpdateDate>2018-04-24 12:27</PriceUpdateDate>
      <ItemCode>7290107646147</ItemCode>
      <ItemType>1</ItemType>
      <ItemName>חטיף שוגי קורנפלקס 26*6ג</ItemName>
      <ManufacturerName>יוניליוור ישראל מזון בעמ</ManufacturerName>
      <ManufactureCountry>IL</ManufactureCountry>
      <ManufacturerItemDescription>חטיפי שוגי 6 יח</ManufacturerItemDescription>
      <UnitQty>גרמים</UnitQty>
      <Quantity>156.00</Quantity>
      <bIsWeighted>0</bIsWeighted>
      <UnitOfMeasure>100 גרם</UnitOfMeasure>
      <QtyInPackage>1</QtyInPackage>
      <ItemPrice>14.90</ItemPrice>
      <UnitOfMeasurePrice>9.55</UnitOfMeasurePrice>
      <AllowDiscount>1</AllowDiscount>
      <ItemStatus>1</ItemStatus>
    </Item>
    <Item>
      <PriceUpdateDate>2019-01-28 01:03</PriceUpdateDate>
      <ItemCode>7290107647649</ItemCode>
      <ItemType>1</ItemType>
      <ItemName>מיני סולרו קוקוס אננס 62</ItemName>
      <ManufacturerName>גלידת שטראוס בע"\מ</ManufacturerName>
      <ManufactureCountry>IL</ManufactureCountry>
      <ManufacturerItemDescription>מיני סולרו קוקוס</ManufacturerItemDescription>
      <UnitQty>גרמים</UnitQty>
      <Quantity>62.00</Quantity>
      <bIsWeighted>0</bIsWeighted>
      <UnitOfMeasure>100 גרם</UnitOfMeasure>
      <QtyInPackage>1</QtyInPackage>
      <ItemPrice>8.00</ItemPrice>
      <UnitOfMeasurePrice>12.90</UnitOfMeasurePrice>
      <AllowDiscount>1</AllowDiscount>
      <ItemStatus>1</ItemStatus>
    </Item>
    <Item>
      <PriceUpdateDate>2020-10-10 19:00</PriceUpdateDate>
      <ItemCode>7290107647823</ItemCode>
      <ItemType>1</ItemType>
      <ItemName>ברנפלקס תלמה 500 גרם</ItemName>
      <ManufacturerName>יוניליוור ישראל מזון בעמ</ManufacturerName>
      <ManufactureCountry>IL</ManufactureCountry>
      <ManufacturerItemDescription>ברנפלקס תלמה</ManufacturerItemDescription>
      <UnitQty>גרמים</UnitQty>
      <Quantity>500.00</Quantity>
      <bIsWeighted>0</bIsWeighted>
      <UnitOfMeasure>100 גרם</UnitOfMeasure>
      <QtyInPackage>1</QtyInPackage>
      <ItemPrice>22.90</ItemPrice>
      <UnitOfMeasurePrice>4.58</UnitOfMeasurePrice>
      <AllowDiscount>1</AllowDiscount>
      <ItemStatus>1</ItemStatus>
    </Item>
    <Item>
      <PriceUpdateDate>2019-04-09 01:06</PriceUpdateDate>
      <ItemCode>7290107649681</ItemCode>
      <ItemType>1</ItemType>
      <ItemName>קורנטו פסק זמן 64 גרם</ItemName>
      <ManufacturerName>שטראוס</ManufacturerName>
      <ManufactureCountry>IL</ManufactureCountry>
      <ManufacturerItemDescription>קורנטו פסק זמן</ManufacturerItemDescription>
      <UnitQty>יחידה</UnitQty>
      <Quantity>1.00</Quantity>
      <bIsWeighted>0</bIsWeighted>
      <UnitOfMeasure>יחידה</UnitOfMeasure>
      <QtyInPackage>1</QtyInPackage>
      <ItemPrice>8.00</ItemPrice>
      <UnitOfMeasurePrice>8.00</UnitOfMeasurePrice>
      <AllowDiscount>1</AllowDiscount>
      <ItemStatus>1</ItemStatus>
    </Item>
    <Item>
      <PriceUpdateDate>2019-04-09 01:06</PriceUpdateDate>
      <ItemCode>7290107649698</ItemCode>
      <ItemType>1</ItemType>
      <ItemName>מגנום לבן עוגיות 76 גרם</ItemName>
      <ManufacturerName>שטראוס</ManufacturerName>
      <ManufactureCountry>IL</ManufactureCountry>
      <ManufacturerItemDescription>מגנום לבן עוגיות</ManufacturerItemDescription>
      <UnitQty>יחידה</UnitQty>
      <Quantity>1.00</Quantity>
      <bIsWeighted>0</bIsWeighted>
      <UnitOfMeasure>יחידה</UnitOfMeasure>
      <QtyInPackage>1</QtyInPackage>
      <ItemPrice>11.00</ItemPrice>
      <UnitOfMeasurePrice>11.00</UnitOfMeasurePrice>
      <AllowDiscount>1</AllowDiscount>
      <ItemStatus>1</ItemStatus>
    </Item>
    <Item>
      <PriceUpdateDate>2019-04-09 01:06</PriceUpdateDate>
      <ItemCode>7290107649827</ItemCode>
      <ItemType>1</ItemType>
      <ItemName>פסק זמן על מקל 74 גרם</ItemName>
      <ManufacturerName>שטראוס</ManufacturerName>
      <ManufactureCountry>IL</ManufactureCountry>
      <ManufacturerItemDescription>פסק זמן על מקל</ManufacturerItemDescription>
      <UnitQty>גרמים</UnitQty>
      <Quantity>74.00</Quantity>
      <bIsWeighted>0</bIsWeighted>
      <UnitOfMeasure>100 גרם</UnitOfMeasure>
      <QtyInPackage>1</QtyInPackage>
      <ItemPrice>11.00</ItemPrice>
      <UnitOfMeasurePrice>14.86</UnitOfMeasurePrice>
      <AllowDiscount>1</AllowDiscount>
      <ItemStatus>1</ItemStatus>
    </Item>
    <Item>
      <PriceUpdateDate>2016-01-18 07:14</PriceUpdateDate>
      <ItemCode>7290107870047</ItemCode>
      <ItemType>1</ItemType>
      <ItemName>טילון בראוניז מטבע ענק י</ItemName>
      <ManufacturerName>גלידות נסטלה</ManufacturerName>
      <ManufactureCountry>IL</ManufactureCountry>
      <ManufacturerItemDescription>טילון בראונז</ManufacturerItemDescription>
      <UnitQty>יחידה</UnitQty>
      <Quantity>1.00</Quantity>
      <bIsWeighted>0</bIsWeighted>
      <UnitOfMeasure>יחידה</UnitOfMeasure>
      <QtyInPackage>0</QtyInPackage>
      <ItemPrice>10.00</ItemPrice>
      <UnitOfMeasurePrice>10.00</UnitOfMeasurePrice>
      <AllowDiscount>1</AllowDiscount>
      <ItemStatus>1</ItemStatus>
    </Item>
    <Item>
      <PriceUpdateDate>2015-04-20 21:30</PriceUpdateDate>
      <ItemCode>7290107871297</ItemCode>
      <ItemType>1</ItemType>
      <ItemName>פריכונים מיני עש.תיבול25</ItemName>
      <ManufacturerName>פרח תעשיות מזון בע"מ.</ManufacturerName>
      <ManufactureCountry>IL</ManufactureCountry>
      <ManufacturerItemDescription>פריכונים מיני</ManufacturerItemDescription>
      <UnitQty>גרמים</UnitQty>
      <Quantity>25.00</Quantity>
      <bIsWeighted>0</bIsWeighted>
      <UnitOfMeasure>100 גרם</UnitOfMeasure>
      <QtyInPackage>0</QtyInPackage>
      <ItemPrice>4.50</ItemPrice>
      <UnitOfMeasurePrice>18.00</UnitOfMeasurePrice>
      <AllowDiscount>1</AllowDiscount>
      <ItemStatus>1</ItemStatus>
    </Item>
    <Item>
      <PriceUpdateDate>2018-02-21 10:09</PriceUpdateDate>
      <ItemCode>7290107871990</ItemCode>
      <ItemType>1</ItemType>
      <ItemName>פסטה צינורות 500 גרם</ItemName>
      <ManufacturerName>פסטה זארה</ManufacturerName>
      <ManufactureCountry>IT</ManufactureCountry>
      <ManufacturerItemDescription>פסטה צינורות</ManufacturerItemDescription>
      <UnitQty>גרמים</UnitQty>
      <Quantity>500.00</Quantity>
      <bIsWeighted>0</bIsWeighted>
      <UnitOfMeasure>100 גרם</UnitOfMeasure>
      <QtyInPackage>0</QtyInPackage>
      <ItemPrice>6.50</ItemPrice>
      <UnitOfMeasurePrice>1.30</UnitOfMeasurePrice>
      <AllowDiscount>1</AllowDiscount>
      <ItemStatus>1</ItemStatus>
    </Item>
    <Item>
      <PriceUpdateDate>2015-04-20 21:30</PriceUpdateDate>
      <ItemCode>7290107874427</ItemCode>
      <ItemType>1</ItemType>
      <ItemName>פריכונים מיני זעתר 25גרם</ItemName>
      <ManufacturerName>פרח תעשיות מזון בע"מ.</ManufacturerName>
      <ManufactureCountry>IL</ManufactureCountry>
      <ManufacturerItemDescription>פריכונים מיני</ManufacturerItemDescription>
      <UnitQty>גרמים</UnitQty>
      <Quantity>25.00</Quantity>
      <bIsWeighted>0</bIsWeighted>
      <UnitOfMeasure>100 גרם</UnitOfMeasure>
      <QtyInPackage>0</QtyInPackage>
      <ItemPrice>4.50</ItemPrice>
      <UnitOfMeasurePrice>18.00</UnitOfMeasurePrice>
      <AllowDiscount>1</AllowDiscount>
      <ItemStatus>1</ItemStatus>
    </Item>
    <Item>
      <PriceUpdateDate>2015-04-20 21:30</PriceUpdateDate>
      <ItemCode>7290107874441</ItemCode>
      <ItemType>1</ItemType>
      <ItemName>פריכונ.מיני בצל מקורמל25</ItemName>
      <ManufacturerName>פרח תעשיות מזון בע"מ.</ManufacturerName>
      <ManufactureCountry>IL</ManufactureCountry>
      <ManufacturerItemDescription>פריכונים מיני</ManufacturerItemDescription>
      <UnitQty>גרמים</UnitQty>
      <Quantity>25.00</Quantity>
      <bIsWeighted>0</bIsWeighted>
      <UnitOfMeasure>100 גרם</UnitOfMeasure>
      <QtyInPackage>0</QtyInPackage>
      <ItemPrice>4.50</ItemPrice>
      <UnitOfMeasurePrice>18.00</UnitOfMeasurePrice>
      <AllowDiscount>1</AllowDiscount>
      <ItemStatus>1</ItemStatus>
    </Item>
    <Item>
      <PriceUpdateDate>2016-05-23 11:01</PriceUpdateDate>
      <ItemCode>7290107879620</ItemCode>
      <ItemType>1</ItemType>
      <ItemName>גל.לה פרוטה מלון תפוח 70</ItemName>
      <ManufacturerName>גלידות נסטלה )נגה גלידות</ManufacturerName>
      <ManufactureCountry>IL</ManufactureCountry>
      <ManufacturerItemDescription>גל.לה פרוטה מלון</ManufacturerItemDescription>
      <UnitQty>יחידה</UnitQty>
      <Quantity>1.00</Quantity>
      <bIsWeighted>0</bIsWeighted>
      <UnitOfMeasure>יחידה</UnitOfMeasure>
      <QtyInPackage>1</QtyInPackage>
      <ItemPrice>7.00</ItemPrice>
      <UnitOfMeasurePrice>7.00</UnitOfMeasurePrice>
      <AllowDiscount>1</AllowDiscount>
      <ItemStatus>1</ItemStatus>
    </Item>
    <Item>
      <PriceUpdateDate>2017-02-07 07:17</PriceUpdateDate>
      <ItemCode>7290107932080</ItemCode>
      <ItemType>1</ItemType>
      <ItemName>חלב מועשר3% בקבוק 1ליטר</ItemName>
      <ManufacturerName>מחלבת יטבתה</ManufacturerName>
      <ManufactureCountry>IL</ManufactureCountry>
      <ManufacturerItemDescription>חלב מועשר 3%</ManufacturerItemDescription>
      <UnitQty>ליטרים</UnitQty>
      <Quantity>1.00</Quantity>
      <bIsWeighted>0</bIsWeighted>
      <UnitOfMeasure>ליטר</UnitOfMeasure>
      <QtyInPackage>1</QtyInPackage>
      <ItemPrice>7.90</ItemPrice>
      <UnitOfMeasurePrice>7.90</UnitOfMeasurePrice>
      <AllowDiscount>1</AllowDiscount>
      <ItemStatus>1</ItemStatus>
    </Item>
    <Item>
      <PriceUpdateDate>2017-02-07 07:17</PriceUpdateDate>
      <ItemCode>7290107933315</ItemCode>
      <ItemType>1</ItemType>
      <ItemName>חלב דל לקטוז בקבוק2% 1ל</ItemName>
      <ManufacturerName>מחלבת יטבתה</ManufacturerName>
      <ManufactureCountry>IL</ManufactureCountry>
      <ManufacturerItemDescription>חלבדל לקטוז 2%</ManufacturerItemDescription>
      <UnitQty>ליטרים</UnitQty>
      <Quantity>1.00</Quantity>
      <bIsWeighted>0</bIsWeighted>
      <UnitOfMeasure>ליטר</UnitOfMeasure>
      <QtyInPackage>1</QtyInPackage>
      <ItemPrice>7.90</ItemPrice>
      <UnitOfMeasurePrice>7.90</UnitOfMeasurePrice>
      <AllowDiscount>1</AllowDiscount>
      <ItemStatus>1</ItemStatus>
    </Item>
    <Item>
      <PriceUpdateDate>2016-04-22 07:11</PriceUpdateDate>
      <ItemCode>7290107933650</ItemCode>
      <ItemType>1</ItemType>
      <ItemName>משקה חלב+דגנים ותות250מ</ItemName>
      <ManufacturerName>מחלבת יטבתה</ManufacturerName>
      <ManufactureCountry>IL</ManufactureCountry>
      <ManufacturerItemDescription>משקה חלב+דגנים</ManufacturerItemDescription>
      <UnitQty>מיליליטרים</UnitQty>
      <Quantity>250.00</Quantity>
      <bIsWeighted>0</bIsWeighted>
      <UnitOfMeasure>100 מ"ל</UnitOfMeasure>
      <QtyInPackage>1</QtyInPackage>
      <ItemPrice>5.00</ItemPrice>
      <UnitOfMeasurePrice>2.00</UnitOfMeasurePrice>
      <AllowDiscount>1</AllowDiscount>
      <ItemStatus>1</ItemStatus>
    </Item>
    <Item>
      <PriceUpdateDate>2017-05-03 11:53</PriceUpdateDate>
      <ItemCode>7290107936309</ItemCode>
      <ItemType>1</ItemType>
      <ItemName>דנונה יווני לבן 7% 130גר</ItemName>
      <ManufacturerName>שטראוס גרופ בע"\מ</ManufacturerName>
      <ManufactureCountry>IL</ManufactureCountry>
      <ManufacturerItemDescription>דנונה יווני</ManufacturerItemDescription>
      <UnitQty>גרמים</UnitQty>
      <Quantity>130.00</Quantity>
      <bIsWeighted>0</bIsWeighted>
      <UnitOfMeasure>100 גרם</UnitOfMeasure>
      <QtyInPackage>1</QtyInPackage>
      <ItemPrice>3.50</ItemPrice>
      <UnitOfMeasurePrice>2.69</UnitOfMeasurePrice>
      <AllowDiscount>1</AllowDiscount>
      <ItemStatus>1</ItemStatus>
    </Item>
    <Item>
      <PriceUpdateDate>2020-08-04 16:29</PriceUpdateDate>
      <ItemCode>7290107936958</ItemCode>
      <ItemType>1</ItemType>
      <ItemName>עד חצות אצבעות 125 גרם</ItemName>
      <ManufacturerName>ביסקוויטס טור ד'\אלבון</ManufacturerName>
      <ManufactureCountry>FR</ManufactureCountry>
      <ManufacturerItemDescription>עד חצות אצבעות</ManufacturerItemDescription>
      <UnitQty>גרמים</UnitQty>
      <Quantity>125.00</Quantity>
      <bIsWeighted>0</bIsWeighted>
      <UnitOfMeasure>100 גרם</UnitOfMeasure>
      <QtyInPackage>1</QtyInPackage>
      <ItemPrice>11.90</ItemPrice>
      <UnitOfMeasurePrice>9.52</UnitOfMeasurePrice>
      <AllowDiscount>1</AllowDiscount>
      <ItemStatus>1</ItemStatus>
    </Item>
    <Item>
      <PriceUpdateDate>2016-06-24 07:14</PriceUpdateDate>
      <ItemCode>7290107937542</ItemCode>
      <ItemType>1</ItemType>
      <ItemName>משקה אקטיביה תות1.2% 265</ItemName>
      <ManufacturerName>שטראוס גרופ בע"\מ</ManufacturerName>
      <ManufactureCountry>IL</ManufactureCountry>
      <ManufacturerItemDescription>משקה אקטביה תות</ManufacturerItemDescription>
      <UnitQty>גרמים</UnitQty>
      <Quantity>265.00</Quantity>
      <bIsWeighted>0</bIsWeighted>
      <UnitOfMeasure>100 גרם</UnitOfMeasure>
      <QtyInPackage>1</QtyInPackage>
      <ItemPrice>5.10</ItemPrice>
      <UnitOfMeasurePrice>1.92</UnitOfMeasurePrice>
      <AllowDiscount>1</AllowDiscount>
      <ItemStatus>1</ItemStatus>
    </Item>
    <Item>
      <PriceUpdateDate>2017-03-21 07:34</PriceUpdateDate>
      <ItemCode>7290107937641</ItemCode>
      <ItemType>1</ItemType>
      <ItemName>מסטיק בזוקה קוביות צנצ58</ItemName>
      <ManufacturerName>עלית</ManufacturerName>
      <ManufactureCountry>DE</ManufactureCountry>
      <ManufacturerItemDescription>קוביות מסטיק</ManufacturerItemDescription>
      <UnitQty>גרמים</UnitQty>
      <Quantity>58.00</Quantity>
      <bIsWeighted>0</bIsWeighted>
      <UnitOfMeasure>100 גרם</UnitOfMeasure>
      <QtyInPackage>1</QtyInPackage>
      <ItemPrice>11.50</ItemPrice>
      <UnitOfMeasurePrice>19.83</UnitOfMeasurePrice>
      <AllowDiscount>1</AllowDiscount>
      <ItemStatus>1</ItemStatus>
    </Item>
    <Item>
      <PriceUpdateDate>2018-02-21 10:09</PriceUpdateDate>
      <ItemCode>7290107937856</ItemCode>
      <ItemType>1</ItemType>
      <ItemName>קפסולות מס' 11 50 גרם</ItemName>
      <ManufacturerName>שטראוס קפה בי.וי.</ManufacturerName>
      <ManufactureCountry>IL</ManufactureCountry>
      <ManufacturerItemDescription>קפסולות עלית</ManufacturerItemDescription>
      <UnitQty>גרמים</UnitQty>
      <Quantity>50.00</Quantity>
      <bIsWeighted>0</bIsWeighted>
      <UnitOfMeasure>100 גרם</UnitOfMeasure>
      <QtyInPackage>1</QtyInPackage>
      <ItemPrice>18.90</ItemPrice>
      <UnitOfMeasurePrice>37.80</UnitOfMeasurePrice>
      <AllowDiscount>1</AllowDiscount>
      <ItemStatus>1</ItemStatus>
    </Item>
    <Item>
      <PriceUpdateDate>2018-02-21 10:09</PriceUpdateDate>
      <ItemCode>7290107940467</ItemCode>
      <ItemType>1</ItemType>
      <ItemName>אקטיביה 1.5% 200 גרם</ItemName>
      <ManufacturerName>שטראוס גרופ בע"\מ</ManufacturerName>
      <ManufactureCountry>IL</ManufactureCountry>
      <ManufacturerItemDescription>אקטיביה 1.5%</ManufacturerItemDescription>
      <UnitQty>גרמים</UnitQty>
      <Quantity>200.00</Quantity>
      <bIsWeighted>0</bIsWeighted>
      <UnitOfMeasure>100 גרם</UnitOfMeasure>
      <QtyInPackage>1</QtyInPackage>
      <ItemPrice>4.20</ItemPrice>
      <UnitOfMeasurePrice>2.10</UnitOfMeasurePrice>
      <AllowDiscount>1</AllowDiscount>
      <ItemStatus>1</ItemStatus>
    </Item>
    <Item>
      <PriceUpdateDate>2017-10-20 08:52</PriceUpdateDate>
      <ItemCode>7290107944243</ItemCode>
      <ItemType>1</ItemType>
      <ItemName>אפיפיות ט.שוקולד ל.ג200ג</ItemName>
      <ManufacturerName>שטראוס גרופ בע"\מ</ManufacturerName>
      <ManufactureCountry>IL</ManufactureCountry>
      <ManufacturerItemDescription>אפיפיות טעם שוקו</ManufacturerItemDescription>
      <UnitQty>גרמים</UnitQty>
      <Quantity>200.00</Quantity>
      <bIsWeighted>0</bIsWeighted>
      <UnitOfMeasure>100 גרם</UnitOfMeasure>
      <QtyInPackage>1</QtyInPackage>
      <ItemPrice>8.90</ItemPrice>
      <UnitOfMeasurePrice>4.45</UnitOfMeasurePrice>
      <AllowDiscount>1</AllowDiscount>
      <ItemStatus>1</ItemStatus>
    </Item>
    <Item>
      <PriceUpdateDate>2019-08-13 08:20</PriceUpdateDate>
      <ItemCode>7290107944366</ItemCode>
      <ItemType>1</ItemType>
      <ItemName>רבע לשבע לבן 120 גרם</ItemName>
      <ManufacturerName>הגביע מוצרי וופלים בע"\מ</ManufacturerName>
      <ManufactureCountry>IL</ManufactureCountry>
      <ManufacturerItemDescription>רבע לשבע לבן</ManufacturerItemDescription>
      <UnitQty>גרמים</UnitQty>
      <Quantity>120.00</Quantity>
      <bIsWeighted>0</bIsWeighted>
      <UnitOfMeasure>100 גרם</UnitOfMeasure>
      <QtyInPackage>1</QtyInPackage>
      <ItemPrice>12.90</ItemPrice>
      <UnitOfMeasurePrice>10.75</UnitOfMeasurePrice>
      <AllowDiscount>1</AllowDiscount>
      <ItemStatus>1</ItemStatus>
    </Item>
    <Item>
      <PriceUpdateDate>2017-02-02 12:55</PriceUpdateDate>
      <ItemCode>7290107944472</ItemCode>
      <ItemType>1</ItemType>
      <ItemName>סימפוניה שום שמיר5% 200ג</ItemName>
      <ManufacturerName>שטראוס בריאות בע"\מ</ManufacturerName>
      <ManufactureCountry>IL</ManufactureCountry>
      <ManufacturerItemDescription>גבינת סימפוניה</ManufacturerItemDescription>
      <UnitQty>גרמים</UnitQty>
      <Quantity>200.00</Quantity>
      <bIsWeighted>0</bIsWeighted>
      <UnitOfMeasure>100 גרם</UnitOfMeasure>
      <QtyInPackage>1</QtyInPackage>
      <ItemPrice>12.40</ItemPrice>
      <UnitOfMeasurePrice>6.20</UnitOfMeasurePrice>
      <AllowDiscount>1</AllowDiscount>
      <ItemStatus>1</ItemStatus>
    </Item>
    <Item>
      <PriceUpdateDate>2018-06-14 09:58</PriceUpdateDate>
      <ItemCode>7290107947473</ItemCode>
      <ItemType>1</ItemType>
      <ItemName>אנרגי תחתית פסק זמן24*6ג</ItemName>
      <ManufacturerName>שטראוס גרופ בע"\מ</ManufacturerName>
      <ManufactureCountry>IL</ManufactureCountry>
      <ManufacturerItemDescription>חטיפי אנרגי 6 יח</ManufacturerItemDescription>
      <UnitQty>גרמים</UnitQty>
      <Quantity>144.00</Quantity>
      <bIsWeighted>0</bIsWeighted>
      <UnitOfMeasure>100 גרם</UnitOfMeasure>
      <QtyInPackage>1</QtyInPackage>
      <ItemPrice>15.20</ItemPrice>
      <UnitOfMeasurePrice>10.56</UnitOfMeasurePrice>
      <AllowDiscount>1</AllowDiscount>
      <ItemStatus>1</ItemStatus>
    </Item>
    <Item>
      <PriceUpdateDate>2017-09-12 10:19</PriceUpdateDate>
      <ItemCode>7290107951548</ItemCode>
      <ItemType>1</ItemType>
      <ItemName>שוקולד בלונדי שקדים100ג</ItemName>
      <ManufacturerName>שטראוס גרופ בע"\מ</ManufacturerName>
      <ManufactureCountry>IL</ManufactureCountry>
      <ManufacturerItemDescription>שוקולד בלונדי</ManufacturerItemDescription>
      <UnitQty>גרמים</UnitQty>
      <Quantity>100.00</Quantity>
      <bIsWeighted>0</bIsWeighted>
      <UnitOfMeasure>100 גרם</UnitOfMeasure>
      <QtyInPackage>1</QtyInPackage>
      <ItemPrice>8.10</ItemPrice>
      <UnitOfMeasurePrice>8.10</UnitOfMeasurePrice>
      <AllowDiscount>1</AllowDiscount>
      <ItemStatus>1</ItemStatus>
    </Item>
    <Item>
      <PriceUpdateDate>2017-09-12 10:19</PriceUpdateDate>
      <ItemCode>7290107951630</ItemCode>
      <ItemType>1</ItemType>
      <ItemName>שוק.בלונדי שבבי קוקוס100</ItemName>
      <ManufacturerName>שטראוס גרופ בע"\מ</ManufacturerName>
      <ManufactureCountry>IL</ManufactureCountry>
      <ManufacturerItemDescription>שוקולד בלונדי</ManufacturerItemDescription>
      <UnitQty>גרמים</UnitQty>
      <Quantity>100.00</Quantity>
      <bIsWeighted>0</bIsWeighted>
      <UnitOfMeasure>100 גרם</UnitOfMeasure>
      <QtyInPackage>1</QtyInPackage>
      <ItemPrice>8.10</ItemPrice>
      <UnitOfMeasurePrice>8.10</UnitOfMeasurePrice>
      <AllowDiscount>1</AllowDiscount>
      <ItemStatus>1</ItemStatus>
    </Item>
    <Item>
      <PriceUpdateDate>2017-02-10 07:20</PriceUpdateDate>
      <ItemCode>7290107953559</ItemCode>
      <ItemType>1</ItemType>
      <ItemName>קפה טורקי לדרך 24 * 7 גר</ItemName>
      <ManufacturerName>שטראוס קפה בי.וי.</ManufacturerName>
      <ManufactureCountry>IL</ManufactureCountry>
      <ManufacturerItemDescription>קפה טורקי לדרך</ManufacturerItemDescription>
      <UnitQty>גרמים</UnitQty>
      <Quantity>168.00</Quantity>
      <bIsWeighted>0</bIsWeighted>
      <UnitOfMeasure>100 גרם</UnitOfMeasure>
      <QtyInPackage>1</QtyInPackage>
      <ItemPrice>19.90</ItemPrice>
      <UnitOfMeasurePrice>11.85</UnitOfMeasurePrice>
      <AllowDiscount>1</AllowDiscount>
      <ItemStatus>1</ItemStatus>
    </Item>
    <Item>
      <PriceUpdateDate>2017-07-25 08:39</PriceUpdateDate>
      <ItemCode>7290107954457</ItemCode>
      <ItemType>1</ItemType>
      <ItemName>בראוניז פסק זמן 380 גרם</ItemName>
      <ManufacturerName>שטראוס גרופ בע"\מ</ManufacturerName>
      <ManufactureCountry>IL</ManufactureCountry>
      <ManufacturerItemDescription>בראוניז פסק זמן</ManufacturerItemDescription>
      <UnitQty>גרמים</UnitQty>
      <Quantity>380.00</Quantity>
      <bIsWeighted>0</bIsWeighted>
      <UnitOfMeasure>100 גרם</UnitOfMeasure>
      <QtyInPackage>1</QtyInPackage>
      <ItemPrice>18.50</ItemPrice>
      <UnitOfMeasurePrice>4.87</UnitOfMeasurePrice>
      <AllowDiscount>1</AllowDiscount>
      <ItemStatus>1</ItemStatus>
    </Item>
    <Item>
      <PriceUpdateDate>2018-10-22 05:39</PriceUpdateDate>
      <ItemCode>7290107957113</ItemCode>
      <ItemType>1</ItemType>
      <ItemName>סימפוניה זית פיקנטי200גר</ItemName>
      <ManufacturerName>שטראוס בריאות בע"\מ</ManufacturerName>
      <ManufactureCountry>IL</ManufactureCountry>
      <ManufacturerItemDescription>סימפוניה זיתים</ManufacturerItemDescription>
      <UnitQty>גרמים</UnitQty>
      <Quantity>200.00</Quantity>
      <bIsWeighted>0</bIsWeighted>
      <UnitOfMeasure>100 גרם</UnitOfMeasure>
      <QtyInPackage>1</QtyInPackage>
      <ItemPrice>12.40</ItemPrice>
      <UnitOfMeasurePrice>6.20</UnitOfMeasurePrice>
      <AllowDiscount>1</AllowDiscount>
      <ItemStatus>1</ItemStatus>
    </Item>
    <Item>
      <PriceUpdateDate>2018-01-30 11:39</PriceUpdateDate>
      <ItemCode>7290107957779</ItemCode>
      <ItemType>1</ItemType>
      <ItemName>דניאלה בטעם אפרסק 150מ"ל</ItemName>
      <ManufacturerName>שטראוס גרופ בע"\מ</ManufacturerName>
      <ManufactureCountry>IL</ManufactureCountry>
      <ManufacturerItemDescription>דניאלה אפרסק</ManufacturerItemDescription>
      <UnitQty>מיליליטרים</UnitQty>
      <Quantity>150.00</Quantity>
      <bIsWeighted>0</bIsWeighted>
      <UnitOfMeasure>100 מ"ל</UnitOfMeasure>
      <QtyInPackage>1</QtyInPackage>
      <ItemPrice>4.30</ItemPrice>
      <UnitOfMeasurePrice>2.87</UnitOfMeasurePrice>
      <AllowDiscount>1</AllowDiscount>
      <ItemStatus>1</ItemStatus>
    </Item>
    <Item>
      <PriceUpdateDate>2020-10-10 18:30</PriceUpdateDate>
      <ItemCode>7290107978101</ItemCode>
      <ItemType>1</ItemType>
      <ItemName>אופטיק וייט אקסטרה 75מל</ItemName>
      <ManufacturerName>קולגייט</ManufacturerName>
      <ManufactureCountry>PL</ManufactureCountry>
      <ManufacturerItemDescription>משחת אופטיק וייט</ManufacturerItemDescription>
      <UnitQty>מיליליטרים</UnitQty>
      <Quantity>75.00</Quantity>
      <bIsWeighted>0</bIsWeighted>
      <UnitOfMeasure>100 מ"ל</UnitOfMeasure>
      <QtyInPackage>1</QtyInPackage>
      <ItemPrice>24.90</ItemPrice>
      <UnitOfMeasurePrice>33.20</UnitOfMeasurePrice>
      <AllowDiscount>1</AllowDiscount>
      <ItemStatus>1</ItemStatus>
    </Item>
    <Item>
      <PriceUpdateDate>2020-08-04 16:29</PriceUpdateDate>
      <ItemCode>7290108200225</ItemCode>
      <ItemType>1</ItemType>
      <ItemName>מסיר כתמים אבקת קליה 470</ItemName>
      <ManufacturerName>רקיט בנקיזר</ManufacturerName>
      <ManufactureCountry>IT</ManufactureCountry>
      <ManufacturerItemDescription>וניש גולד אבקה</ManufacturerItemDescription>
      <UnitQty>גרמים</UnitQty>
      <Quantity>470.00</Quantity>
      <bIsWeighted>0</bIsWeighted>
      <UnitOfMeasure>100 גרם</UnitOfMeasure>
      <QtyInPackage>1</QtyInPackage>
      <ItemPrice>18.90</ItemPrice>
      <UnitOfMeasurePrice>4.02</UnitOfMeasurePrice>
      <AllowDiscount>1</AllowDiscount>
      <ItemStatus>1</ItemStatus>
    </Item>
    <Item>
      <PriceUpdateDate>2017-12-05 11:56</PriceUpdateDate>
      <ItemCode>7290108350258</ItemCode>
      <ItemType>1</ItemType>
      <ItemName>נייר טואלט פי 3 12גלילים</ItemName>
      <ManufacturerName>מפעלי ברונוס בעמ</ManufacturerName>
      <ManufactureCountry>IL</ManufactureCountry>
      <ManufacturerItemDescription>נייר טואלט סופט</ManufacturerItemDescription>
      <UnitQty>מטרים</UnitQty>
      <Quantity>662.00</Quantity>
      <bIsWeighted>0</bIsWeighted>
      <UnitOfMeasure>100 מטר</UnitOfMeasure>
      <QtyInPackage>1</QtyInPackage>
      <ItemPrice>33.90</ItemPrice>
      <UnitOfMeasurePrice>5.12</UnitOfMeasurePrice>
      <AllowDiscount>1</AllowDiscount>
      <ItemStatus>1</ItemStatus>
    </Item>
    <Item>
      <PriceUpdateDate>2017-12-05 11:56</PriceUpdateDate>
      <ItemCode>7290108350623</ItemCode>
      <ItemType>1</ItemType>
      <ItemName>מרכך מקסימה סופט סילק1ל</ItemName>
      <ManufacturerName>סנו מפעלי ברונוס בע"\מ</ManufacturerName>
      <ManufactureCountry>IL</ManufactureCountry>
      <ManufacturerItemDescription>מרכך מקסימה</ManufacturerItemDescription>
      <UnitQty>ליטרים</UnitQty>
      <Quantity>1.00</Quantity>
      <bIsWeighted>0</bIsWeighted>
      <UnitOfMeasure>ליטר</UnitOfMeasure>
      <QtyInPackage>1</QtyInPackage>
      <ItemPrice>17.90</ItemPrice>
      <UnitOfMeasurePrice>17.90</UnitOfMeasurePrice>
      <AllowDiscount>1</AllowDiscount>
      <ItemStatus>1</ItemStatus>
    </Item>
    <Item>
      <PriceUpdateDate>2019-12-24 07:42</PriceUpdateDate>
      <ItemCode>7290108351613</ItemCode>
      <ItemType>1</ItemType>
      <ItemName>ריצפז פרש הום בית מלון2ל</ItemName>
      <ManufacturerName>סנו מפעלי ברונוס בע"\מ</ManufacturerName>
      <ManufactureCountry>IL</ManufactureCountry>
      <ManufacturerItemDescription>ריצפז פרש הום</ManufacturerItemDescription>
      <UnitQty>ליטרים</UnitQty>
      <Quantity>2.00</Quantity>
      <bIsWeighted>0</bIsWeighted>
      <UnitOfMeasure>ליטר</UnitOfMeasure>
      <QtyInPackage>1</QtyInPackage>
      <ItemPrice>21.90</ItemPrice>
      <UnitOfMeasurePrice>10.95</UnitOfMeasurePrice>
      <AllowDiscount>1</AllowDiscount>
      <ItemStatus>1</ItemStatus>
    </Item>
    <Item>
      <PriceUpdateDate>2018-07-26 09:59</PriceUpdateDate>
      <ItemCode>7290108352825</ItemCode>
      <ItemType>1</ItemType>
      <ItemName>ספוג הפלא לנירוסטה 3יח</ItemName>
      <ManufacturerName>ltdn s.k.a.tסנו מפעלי בר</ManufacturerName>
      <ManufactureCountry>CN</ManufactureCountry>
      <ManufacturerItemDescription>ספוג הפלא נירוסט</ManufacturerItemDescription>
      <UnitQty>יחידה</UnitQty>
      <Quantity>1.00</Quantity>
      <bIsWeighted>0</bIsWeighted>
      <UnitOfMeasure>יחידה</UnitOfMeasure>
      <QtyInPackage>1</QtyInPackage>
      <ItemPrice>11.90</ItemPrice>
      <UnitOfMeasurePrice>11.90</UnitOfMeasurePrice>
      <AllowDiscount>1</AllowDiscount>
      <ItemStatus>1</ItemStatus>
    </Item>
    <Item>
      <PriceUpdateDate>2020-09-15 18:22</PriceUpdateDate>
      <ItemCode>7290108353556</ItemCode>
      <ItemType>1</ItemType>
      <ItemName>נייר טואלט תלת שכבתי</ItemName>
      <ManufacturerName>מפעלי ברונוס בעמ</ManufacturerName>
      <ManufactureCountry>IL</ManufactureCountry>
      <ManufacturerItemDescription>סופט נייר טואלט</ManufacturerItemDescription>
      <UnitQty>מטרים</UnitQty>
      <Quantity>537.00</Quantity>
      <bIsWeighted>0</bIsWeighted>
      <UnitOfMeasure>100 מטר</UnitOfMeasure>
      <QtyInPackage>1</QtyInPackage>
      <ItemPrice>43.90</ItemPrice>
      <UnitOfMeasurePrice>8.18</UnitOfMeasurePrice>
      <AllowDiscount>1</AllowDiscount>
      <ItemStatus>1</ItemStatus>
    </Item>
    <Item>
      <PriceUpdateDate>2020-08-04 16:29</PriceUpdateDate>
      <ItemCode>7290108355000</ItemCode>
      <ItemType>1</ItemType>
      <ItemName>שמפו נקה 7 מיניונים 750</ItemName>
      <ManufacturerName>אמיליה קוסמטיקס</ManufacturerName>
      <ManufactureCountry>IL</ManufactureCountry>
      <ManufacturerItemDescription>שמפו נקה7</ManufacturerItemDescription>
      <UnitQty>מיליליטרים</UnitQty>
      <Quantity>750.00</Quantity>
      <bIsWeighted>0</bIsWeighted>
      <UnitOfMeasure>100 מ"ל</UnitOfMeasure>
      <QtyInPackage>1</QtyInPackage>
      <ItemPrice>12.90</ItemPrice>
      <UnitOfMeasurePrice>1.72</UnitOfMeasurePrice>
      <AllowDiscount>1</AllowDiscount>
      <ItemStatus>1</ItemStatus>
    </Item>
    <Item>
      <PriceUpdateDate>2020-04-22 11:50</PriceUpdateDate>
      <ItemCode>7290108940596</ItemCode>
      <ItemType>1</ItemType>
      <ItemName>כריך פסטרמה שקוף 215 גרם</ItemName>
      <ManufacturerName>עינת</ManufacturerName>
      <ManufactureCountry>IL</ManufactureCountry>
      <ManufacturerItemDescription>כריך פסטרמה</ManufacturerItemDescription>
      <UnitQty>גרמים</UnitQty>
      <Quantity>215.00</Quantity>
      <bIsWeighted>0</bIsWeighted>
      <UnitOfMeasure>100 גרם</UnitOfMeasure>
      <QtyInPackage>1</QtyInPackage>
      <ItemPrice>13.90</ItemPrice>
      <UnitOfMeasurePrice>6.47</UnitOfMeasurePrice>
      <AllowDiscount>1</AllowDiscount>
      <ItemStatus>1</ItemStatus>
    </Item>
    <Item>
      <PriceUpdateDate>2020-04-22 11:50</PriceUpdateDate>
      <ItemCode>7290108940626</ItemCode>
      <ItemType>1</ItemType>
      <ItemName>כריך גבינה צהובה שקוף215</ItemName>
      <ManufacturerName>כללי</ManufacturerName>
      <ManufactureCountry>IL</ManufactureCountry>
      <ManufacturerItemDescription>כריך גבינה צהובה</ManufacturerItemDescription>
      <UnitQty>גרמים</UnitQty>
      <Quantity>215.00</Quantity>
      <bIsWeighted>0</bIsWeighted>
      <UnitOfMeasure>100 גרם</UnitOfMeasure>
      <QtyInPackage>1</QtyInPackage>
      <ItemPrice>13.90</ItemPrice>
      <UnitOfMeasurePrice>6.47</UnitOfMeasurePrice>
      <AllowDiscount>1</AllowDiscount>
      <ItemStatus>1</ItemStatus>
    </Item>
    <Item>
      <PriceUpdateDate>2020-04-22 11:50</PriceUpdateDate>
      <ItemCode>7290108940633</ItemCode>
      <ItemType>1</ItemType>
      <ItemName>כריך בולגרית שקוף 215 גר</ItemName>
      <ManufacturerName>כללי</ManufacturerName>
      <ManufactureCountry>IL</ManufactureCountry>
      <ManufacturerItemDescription>כריך בולגרית</ManufacturerItemDescription>
      <UnitQty>גרמים</UnitQty>
      <Quantity>215.00</Quantity>
      <bIsWeighted>0</bIsWeighted>
      <UnitOfMeasure>100 גרם</UnitOfMeasure>
      <QtyInPackage>1</QtyInPackage>
      <ItemPrice>13.90</ItemPrice>
      <UnitOfMeasurePrice>6.47</UnitOfMeasurePrice>
      <AllowDiscount>1</AllowDiscount>
      <ItemStatus>1</ItemStatus>
    </Item>
    <Item>
      <PriceUpdateDate>2020-04-22 11:50</PriceUpdateDate>
      <ItemCode>7290108940657</ItemCode>
      <ItemType>1</ItemType>
      <ItemName>כריך חביתה שקוף 215 גרם</ItemName>
      <ManufacturerName>כללי</ManufacturerName>
      <ManufactureCountry>IL</ManufactureCountry>
      <ManufacturerItemDescription>כריך חביתה</ManufacturerItemDescription>
      <UnitQty>גרמים</UnitQty>
      <Quantity>215.00</Quantity>
      <bIsWeighted>0</bIsWeighted>
      <UnitOfMeasure>100 גרם</UnitOfMeasure>
      <QtyInPackage>1</QtyInPackage>
      <ItemPrice>13.90</ItemPrice>
      <UnitOfMeasurePrice>6.47</UnitOfMeasurePrice>
      <AllowDiscount>1</AllowDiscount>
      <ItemStatus>1</ItemStatus>
    </Item>
    <Item>
      <PriceUpdateDate>2020-04-22 11:50</PriceUpdateDate>
      <ItemCode>7290108940664</ItemCode>
      <ItemType>1</ItemType>
      <ItemName>כריך סביח שקוף 230 גרם</ItemName>
      <ManufacturerName>כללי</ManufacturerName>
      <ManufactureCountry>IL</ManufactureCountry>
      <ManufacturerItemDescription>כריך סביח</ManufacturerItemDescription>
      <UnitQty>גרמים</UnitQty>
      <Quantity>230.00</Quantity>
      <bIsWeighted>0</bIsWeighted>
      <UnitOfMeasure>100 גרם</UnitOfMeasure>
      <QtyInPackage>1</QtyInPackage>
      <ItemPrice>13.90</ItemPrice>
      <UnitOfMeasurePrice>6.04</UnitOfMeasurePrice>
      <AllowDiscount>1</AllowDiscount>
      <ItemStatus>1</ItemStatus>
    </Item>
    <Item>
      <PriceUpdateDate>2020-04-22 11:50</PriceUpdateDate>
      <ItemCode>7290108941050</ItemCode>
      <ItemType>1</ItemType>
      <ItemName>כריך בלחמניה טריפל 225ג</ItemName>
      <ManufacturerName>כללי</ManufacturerName>
      <ManufactureCountry>IL</ManufactureCountry>
      <ManufacturerItemDescription>כריך בלחמניה</ManufacturerItemDescription>
      <UnitQty>גרמים</UnitQty>
      <Quantity>225.00</Quantity>
      <bIsWeighted>0</bIsWeighted>
      <UnitOfMeasure>100 גרם</UnitOfMeasure>
      <QtyInPackage>1</QtyInPackage>
      <ItemPrice>14.90</ItemPrice>
      <UnitOfMeasurePrice>6.62</UnitOfMeasurePrice>
      <AllowDiscount>1</AllowDiscount>
      <ItemStatus>1</ItemStatus>
    </Item>
    <Item>
      <PriceUpdateDate>2020-03-17 13:20</PriceUpdateDate>
      <ItemCode>7290108941197</ItemCode>
      <ItemType>1</ItemType>
      <ItemName>סלט ים תיכוני 420 גרם</ItemName>
      <ManufacturerName>עינת</ManufacturerName>
      <ManufactureCountry>IL</ManufactureCountry>
      <ManufacturerItemDescription>סלט ים תיכוני</ManufacturerItemDescription>
      <UnitQty>גרמים</UnitQty>
      <Quantity>420.00</Quantity>
      <bIsWeighted>0</bIsWeighted>
      <UnitOfMeasure>100 גרם</UnitOfMeasure>
      <QtyInPackage>1</QtyInPackage>
      <ItemPrice>22.90</ItemPrice>
      <UnitOfMeasurePrice>5.45</UnitOfMeasurePrice>
      <AllowDiscount>1</AllowDiscount>
      <ItemStatus>1</ItemStatus>
    </Item>
    <Item>
      <PriceUpdateDate>2020-04-22 11:50</PriceUpdateDate>
      <ItemCode>7290108941203</ItemCode>
      <ItemType>1</ItemType>
      <ItemName>כריך בלחמניה שניצל 270 ג</ItemName>
      <ManufacturerName>כללי</ManufacturerName>
      <ManufactureCountry>IL</ManufactureCountry>
      <ManufacturerItemDescription>כריך בלחמניה</ManufacturerItemDescription>
      <UnitQty>גרמים</UnitQty>
      <Quantity>270.00</Quantity>
      <bIsWeighted>0</bIsWeighted>
      <UnitOfMeasure>100 גרם</UnitOfMeasure>
      <QtyInPackage>1</QtyInPackage>
      <ItemPrice>14.90</ItemPrice>
      <UnitOfMeasurePrice>5.52</UnitOfMeasurePrice>
      <AllowDiscount>1</AllowDiscount>
      <ItemStatus>1</ItemStatus>
    </Item>
    <Item>
      <PriceUpdateDate>2020-04-22 11:50</PriceUpdateDate>
      <ItemCode>7290108941210</ItemCode>
      <ItemType>1</ItemType>
      <ItemName>כריך בלחמניה שווארמה250ג</ItemName>
      <ManufacturerName>כללי</ManufacturerName>
      <ManufactureCountry>IL</ManufactureCountry>
      <ManufacturerItemDescription>כריך בלחמניה</ManufacturerItemDescription>
      <UnitQty>גרמים</UnitQty>
      <Quantity>250.00</Quantity>
      <bIsWeighted>0</bIsWeighted>
      <UnitOfMeasure>100 גרם</UnitOfMeasure>
      <QtyInPackage>1</QtyInPackage>
      <ItemPrice>14.90</ItemPrice>
      <UnitOfMeasurePrice>5.96</UnitOfMeasurePrice>
      <AllowDiscount>1</AllowDiscount>
      <ItemStatus>1</ItemStatus>
    </Item>
    <Item>
      <PriceUpdateDate>2020-03-17 13:20</PriceUpdateDate>
      <ItemCode>7290108941234</ItemCode>
      <ItemType>1</ItemType>
      <ItemName>רוסטיק גב.אנטיפסטי315גר</ItemName>
      <ManufacturerName>עינת</ManufacturerName>
      <ManufactureCountry>IL</ManufactureCountry>
      <ManufacturerItemDescription>רוסטיק גבינות</ManufacturerItemDescription>
      <UnitQty>גרמים</UnitQty>
      <Quantity>315.00</Quantity>
      <bIsWeighted>0</bIsWeighted>
      <UnitOfMeasure>100 גרם</UnitOfMeasure>
      <QtyInPackage>1</QtyInPackage>
      <ItemPrice>23.90</ItemPrice>
      <UnitOfMeasurePrice>7.59</UnitOfMeasurePrice>
      <AllowDiscount>1</AllowDiscount>
      <ItemStatus>1</ItemStatus>
    </Item>
    <Item>
      <PriceUpdateDate>2020-03-17 13:20</PriceUpdateDate>
      <ItemCode>7290108941241</ItemCode>
      <ItemType>1</ItemType>
      <ItemName>רוסטיק טונה 305 גרם</ItemName>
      <ManufacturerName>עינת</ManufacturerName>
      <ManufactureCountry>IL</ManufactureCountry>
      <ManufacturerItemDescription>רוסטיק טונה</ManufacturerItemDescription>
      <UnitQty>גרמים</UnitQty>
      <Quantity>305.00</Quantity>
      <bIsWeighted>0</bIsWeighted>
      <UnitOfMeasure>100 גרם</UnitOfMeasure>
      <QtyInPackage>1</QtyInPackage>
      <ItemPrice>23.90</ItemPrice>
      <UnitOfMeasurePrice>7.84</UnitOfMeasurePrice>
      <AllowDiscount>1</AllowDiscount>
      <ItemStatus>1</ItemStatus>
    </Item>
    <Item>
      <PriceUpdateDate>2016-12-16 07:33</PriceUpdateDate>
      <ItemCode>7290109351957</ItemCode>
      <ItemType>1</ItemType>
      <ItemName>פריכיות שוקולד פיטנס100ג</ItemName>
      <ManufacturerName>הרטו</ManufacturerName>
      <ManufactureCountry>IL</ManufactureCountry>
      <ManufacturerItemDescription>פריכיות פיטנס</ManufacturerItemDescription>
      <UnitQty>גרמים</UnitQty>
      <Quantity>100.00</Quantity>
      <bIsWeighted>0</bIsWeighted>
      <UnitOfMeasure>100 גרם</UnitOfMeasure>
      <QtyInPackage>1</QtyInPackage>
      <ItemPrice>8.90</ItemPrice>
      <UnitOfMeasurePrice>8.90</UnitOfMeasurePrice>
      <AllowDiscount>1</AllowDiscount>
      <ItemStatus>1</ItemStatus>
    </Item>
    <Item>
      <PriceUpdateDate>2017-10-17 09:07</PriceUpdateDate>
      <ItemCode>7290109351971</ItemCode>
      <ItemType>1</ItemType>
      <ItemName>פיטנס פריכיות שוק.חלב84ג</ItemName>
      <ManufacturerName>CA</ManufacturerName>
      <ManufactureCountry>IL</ManufactureCountry>
      <ManufacturerItemDescription>פיטנס בר פריכיות</ManufacturerItemDescription>
      <UnitQty>גרמים</UnitQty>
      <Quantity>84.00</Quantity>
      <bIsWeighted>0</bIsWeighted>
      <UnitOfMeasure>100 גרם</UnitOfMeasure>
      <QtyInPackage>1</QtyInPackage>
      <ItemPrice>14.50</ItemPrice>
      <UnitOfMeasurePrice>17.26</UnitOfMeasurePrice>
      <AllowDiscount>1</AllowDiscount>
      <ItemStatus>1</ItemStatus>
    </Item>
    <Item>
      <PriceUpdateDate>2017-07-04 09:43</PriceUpdateDate>
      <ItemCode>7290109354019</ItemCode>
      <ItemType>1</ItemType>
      <ItemName>מנה חמה קוסקוס+עדשים87ג</ItemName>
      <ManufacturerName>אסם</ManufacturerName>
      <ManufactureCountry>IL</ManufactureCountry>
      <ManufacturerItemDescription>מנה חמה קוסקוס</ManufacturerItemDescription>
      <UnitQty>גרמים</UnitQty>
      <Quantity>87.00</Quantity>
      <bIsWeighted>0</bIsWeighted>
      <UnitOfMeasure>100 גרם</UnitOfMeasure>
      <QtyInPackage>1</QtyInPackage>
      <ItemPrice>6.90</ItemPrice>
      <UnitOfMeasurePrice>7.93</UnitOfMeasurePrice>
      <AllowDiscount>1</AllowDiscount>
      <ItemStatus>1</ItemStatus>
    </Item>
    <Item>
      <PriceUpdateDate>2020-08-04 16:29</PriceUpdateDate>
      <ItemCode>7290109354101</ItemCode>
      <ItemType>1</ItemType>
      <ItemName>לחמית ללא גלוטן 200 גרם</ItemName>
      <ManufacturerName>אסם</ManufacturerName>
      <ManufactureCountry>IL</ManufactureCountry>
      <ManufacturerItemDescription>לחמית ללא גלוטן</ManufacturerItemDescription>
      <UnitQty>גרמים</UnitQty>
      <Quantity>200.00</Quantity>
      <bIsWeighted>0</bIsWeighted>
      <UnitOfMeasure>100 גרם</UnitOfMeasure>
      <QtyInPackage>1</QtyInPackage>
      <ItemPrice>10.90</ItemPrice>
      <UnitOfMeasurePrice>5.45</UnitOfMeasurePrice>
      <AllowDiscount>1</AllowDiscount>
      <ItemStatus>1</ItemStatus>
    </Item>
    <Item>
      <PriceUpdateDate>2020-08-04 16:29</PriceUpdateDate>
      <ItemCode>7290109354972</ItemCode>
      <ItemType>1</ItemType>
      <ItemName>פתי בר ל.גלוטן קלאסי200ג</ItemName>
      <ManufacturerName>אסם השקעות בע"\מ</ManufacturerName>
      <ManufactureCountry>IL</ManufactureCountry>
      <ManufacturerItemDescription>פתי בר ללא גלוטן</ManufacturerItemDescription>
      <UnitQty>גרמים</UnitQty>
      <Quantity>200.00</Quantity>
      <bIsWeighted>0</bIsWeighted>
      <UnitOfMeasure>100 גרם</UnitOfMeasure>
      <QtyInPackage>1</QtyInPackage>
      <ItemPrice>11.50</ItemPrice>
      <UnitOfMeasurePrice>5.75</UnitOfMeasurePrice>
      <AllowDiscount>1</AllowDiscount>
      <ItemStatus>1</ItemStatus>
    </Item>
    <Item>
      <PriceUpdateDate>2018-11-29 10:11</PriceUpdateDate>
      <ItemCode>7290110110017</ItemCode>
      <ItemType>1</ItemType>
      <ItemName>פאנטה תות 1.5 ליטר</ItemName>
      <ManufacturerName>החברה המרכזית לייצור משק</ManufacturerName>
      <ManufactureCountry>IL</ManufactureCountry>
      <ManufacturerItemDescription>פאנטה תות</ManufacturerItemDescription>
      <UnitQty>ליטרים</UnitQty>
      <Quantity>1.50</Quantity>
      <bIsWeighted>0</bIsWeighted>
      <UnitOfMeasure>ליטר</UnitOfMeasure>
      <QtyInPackage>1</QtyInPackage>
      <ItemPrice>7.90</ItemPrice>
      <UnitOfMeasurePrice>5.27</UnitOfMeasurePrice>
      <AllowDiscount>1</AllowDiscount>
      <ItemStatus>1</ItemStatus>
    </Item>
    <Item>
      <PriceUpdateDate>2020-04-22 11:50</PriceUpdateDate>
      <ItemCode>7290110110574</ItemCode>
      <ItemType>1</ItemType>
      <ItemName>סליק קולה זירו לימון330מ</ItemName>
      <ManufacturerName>החברה המרכזית לייצור משק</ManufacturerName>
      <ManufactureCountry>IL</ManufactureCountry>
      <ManufacturerItemDescription>סליק קולה זירו</ManufacturerItemDescription>
      <UnitQty>מיליליטרים</UnitQty>
      <Quantity>330.00</Quantity>
      <bIsWeighted>0</bIsWeighted>
      <UnitOfMeasure>100 מ"ל</UnitOfMeasure>
      <QtyInPackage>1</QtyInPackage>
      <ItemPrice>6.10</ItemPrice>
      <UnitOfMeasurePrice>1.85</UnitOfMeasurePrice>
      <AllowDiscount>1</AllowDiscount>
      <ItemStatus>1</ItemStatus>
    </Item>
    <Item>
      <PriceUpdateDate>2018-05-01 11:03</PriceUpdateDate>
      <ItemCode>7290110110611</ItemCode>
      <ItemType>1</ItemType>
      <ItemName>ספרייט ליים 1.5 ליטר</ItemName>
      <ManufacturerName>---</ManufacturerName>
      <ManufactureCountry>IL</ManufactureCountry>
      <ManufacturerItemDescription>ספרייט ליים</ManufacturerItemDescription>
      <UnitQty>ליטרים</UnitQty>
      <Quantity>1.50</Quantity>
      <bIsWeighted>0</bIsWeighted>
      <UnitOfMeasure>ליטר</UnitOfMeasure>
      <QtyInPackage>1</QtyInPackage>
      <ItemPrice>6.90</ItemPrice>
      <UnitOfMeasurePrice>4.60</UnitOfMeasurePrice>
      <AllowDiscount>1</AllowDiscount>
      <ItemStatus>1</ItemStatus>
    </Item>
    <Item>
      <PriceUpdateDate>2020-05-22 05:36</PriceUpdateDate>
      <ItemCode>7290110113452</ItemCode>
      <ItemType>1</ItemType>
      <ItemName>קולה זירו מנגו 1.5 ליטר</ItemName>
      <ManufacturerName>החברה המרכזית לייצור משק</ManufacturerName>
      <ManufactureCountry>IL</ManufactureCountry>
      <ManufacturerItemDescription>קולה זירו מנגו</ManufacturerItemDescription>
      <UnitQty>ליטרים</UnitQty>
      <Quantity>1.50</Quantity>
      <bIsWeighted>0</bIsWeighted>
      <UnitOfMeasure>ליטר</UnitOfMeasure>
      <QtyInPackage>1</QtyInPackage>
      <ItemPrice>7.90</ItemPrice>
      <UnitOfMeasurePrice>5.27</UnitOfMeasurePrice>
      <AllowDiscount>1</AllowDiscount>
      <ItemStatus>1</ItemStatus>
    </Item>
    <Item>
      <PriceUpdateDate>2020-05-22 05:36</PriceUpdateDate>
      <ItemCode>7290110113469</ItemCode>
      <ItemType>1</ItemType>
      <ItemName>סליק קוקה זירו מנגו330מל</ItemName>
      <ManufacturerName>החברה המרכזית לייצור משק</ManufacturerName>
      <ManufactureCountry>IL</ManufactureCountry>
      <ManufacturerItemDescription>סליק קולה זירו</ManufacturerItemDescription>
      <UnitQty>מיליליטרים</UnitQty>
      <Quantity>330.00</Quantity>
      <bIsWeighted>0</bIsWeighted>
      <UnitOfMeasure>100 מ"ל</UnitOfMeasure>
      <QtyInPackage>1</QtyInPackage>
      <ItemPrice>6.10</ItemPrice>
      <UnitOfMeasurePrice>1.85</UnitOfMeasurePrice>
      <AllowDiscount>1</AllowDiscount>
      <ItemStatus>1</ItemStatus>
    </Item>
    <Item>
      <PriceUpdateDate>2020-08-14 05:38</PriceUpdateDate>
      <ItemCode>7290110113827</ItemCode>
      <ItemType>1</ItemType>
      <ItemName>ספרייט זירו לימון אננ1.5</ItemName>
      <ManufacturerName>---</ManufacturerName>
      <ManufactureCountry>IL</ManufactureCountry>
      <ManufacturerItemDescription>ספרייט זירו</ManufacturerItemDescription>
      <UnitQty>ליטרים</UnitQty>
      <Quantity>1.50</Quantity>
      <bIsWeighted>0</bIsWeighted>
      <UnitOfMeasure>ליטר</UnitOfMeasure>
      <QtyInPackage>1</QtyInPackage>
      <ItemPrice>6.90</ItemPrice>
      <UnitOfMeasurePrice>4.60</UnitOfMeasurePrice>
      <AllowDiscount>1</AllowDiscount>
      <ItemStatus>1</ItemStatus>
    </Item>
    <Item>
      <PriceUpdateDate>2017-11-26 15:41</PriceUpdateDate>
      <ItemCode>7290110320850</ItemCode>
      <ItemType>1</ItemType>
      <ItemName>פתיתי עמק 28% 200 גרם</ItemName>
      <ManufacturerName>תנובה</ManufacturerName>
      <ManufactureCountry>IL</ManufactureCountry>
      <ManufacturerItemDescription>פתיתי עמק</ManufacturerItemDescription>
      <UnitQty>גרמים</UnitQty>
      <Quantity>200.00</Quantity>
      <bIsWeighted>0</bIsWeighted>
      <UnitOfMeasure>100 גרם</UnitOfMeasure>
      <QtyInPackage>1</QtyInPackage>
      <ItemPrice>15.90</ItemPrice>
      <UnitOfMeasurePrice>7.95</UnitOfMeasurePrice>
      <AllowDiscount>1</AllowDiscount>
      <ItemStatus>1</ItemStatus>
    </Item>
    <Item>
      <PriceUpdateDate>2017-10-31 10:05</PriceUpdateDate>
      <ItemCode>7290110321031</ItemCode>
      <ItemType>1</ItemType>
      <ItemName>יופלהGOמועשר בחלבון 200ג</ItemName>
      <ManufacturerName>תנובה</ManufacturerName>
      <ManufactureCountry>IL</ManufactureCountry>
      <ManufacturerItemDescription>יופלה GO יוגורט</ManufacturerItemDescription>
      <UnitQty>גרמים</UnitQty>
      <Quantity>200.00</Quantity>
      <bIsWeighted>0</bIsWeighted>
      <UnitOfMeasure>100 גרם</UnitOfMeasure>
      <QtyInPackage>1</QtyInPackage>
      <ItemPrice>6.30</ItemPrice>
      <UnitOfMeasurePrice>3.15</UnitOfMeasurePrice>
      <AllowDiscount>1</AllowDiscount>
      <ItemStatus>1</ItemStatus>
    </Item>
    <Item>
      <PriceUpdateDate>2018-01-02 16:14</PriceUpdateDate>
      <ItemCode>7290110321277</ItemCode>
      <ItemType>1</ItemType>
      <ItemName>קוטג' בקטנה 5% 100 גרם</ItemName>
      <ManufacturerName>תנובה</ManufacturerName>
      <ManufactureCountry>IL</ManufactureCountry>
      <ManufacturerItemDescription>קוטג' בקטנה 5%</ManufacturerItemDescription>
      <UnitQty>גרמים</UnitQty>
      <Quantity>100.00</Quantity>
      <bIsWeighted>0</bIsWeighted>
      <UnitOfMeasure>100 גרם</UnitOfMeasure>
      <QtyInPackage>1</QtyInPackage>
      <ItemPrice>2.70</ItemPrice>
      <UnitOfMeasurePrice>2.70</UnitOfMeasurePrice>
      <AllowDiscount>1</AllowDiscount>
      <ItemStatus>1</ItemStatus>
    </Item>
    <Item>
      <PriceUpdateDate>2018-01-02 16:14</PriceUpdateDate>
      <ItemCode>7290110321284</ItemCode>
      <ItemType>1</ItemType>
      <ItemName>קוטג' בקטנה 9% 100 גרם</ItemName>
      <ManufacturerName>תנובה</ManufacturerName>
      <ManufactureCountry>IL</ManufactureCountry>
      <ManufacturerItemDescription>קוטג' בקטנה 9%</ManufacturerItemDescription>
      <UnitQty>גרמים</UnitQty>
      <Quantity>100.00</Quantity>
      <bIsWeighted>0</bIsWeighted>
      <UnitOfMeasure>100 גרם</UnitOfMeasure>
      <QtyInPackage>1</QtyInPackage>
      <ItemPrice>2.70</ItemPrice>
      <UnitOfMeasurePrice>2.70</UnitOfMeasurePrice>
      <AllowDiscount>1</AllowDiscount>
      <ItemStatus>1</ItemStatus>
    </Item>
    <Item>
      <PriceUpdateDate>2019-07-24 08:21</PriceUpdateDate>
      <ItemCode>7290110321680</ItemCode>
      <ItemType>1</ItemType>
      <ItemName>יופלה GO תות 200 גרם</ItemName>
      <ManufacturerName>מחלבת אלון תבור</ManufacturerName>
      <ManufactureCountry>IL</ManufactureCountry>
      <ManufacturerItemDescription>יופלה GO יוגורט</ManufacturerItemDescription>
      <UnitQty>גרמים</UnitQty>
      <Quantity>200.00</Quantity>
      <bIsWeighted>0</bIsWeighted>
      <UnitOfMeasure>100 גרם</UnitOfMeasure>
      <QtyInPackage>1</QtyInPackage>
      <ItemPrice>5.90</ItemPrice>
      <UnitOfMeasurePrice>2.95</UnitOfMeasurePrice>
      <AllowDiscount>1</AllowDiscount>
      <ItemStatus>1</ItemStatus>
    </Item>
    <Item>
      <PriceUpdateDate>2019-07-24 08:21</PriceUpdateDate>
      <ItemCode>7290110321697</ItemCode>
      <ItemType>1</ItemType>
      <ItemName>יופלה GO אפרסק 200 גרם</ItemName>
      <ManufacturerName>מחלבת אלון תבור</ManufacturerName>
      <ManufactureCountry>IL</ManufactureCountry>
      <ManufacturerItemDescription>יופלה GO יוגורט</ManufacturerItemDescription>
      <UnitQty>גרמים</UnitQty>
      <Quantity>200.00</Quantity>
      <bIsWeighted>0</bIsWeighted>
      <UnitOfMeasure>100 גרם</UnitOfMeasure>
      <QtyInPackage>1</QtyInPackage>
      <ItemPrice>5.90</ItemPrice>
      <UnitOfMeasurePrice>2.95</UnitOfMeasurePrice>
      <AllowDiscount>1</AllowDiscount>
      <ItemStatus>1</ItemStatus>
    </Item>
    <Item>
      <PriceUpdateDate>2019-08-13 08:20</PriceUpdateDate>
      <ItemCode>7290110322946</ItemCode>
      <ItemType>1</ItemType>
      <ItemName>יופלה טיוב תות בננה58*6ג</ItemName>
      <ManufacturerName>תנובה בעמ</ManufacturerName>
      <ManufactureCountry>IL</ManufactureCountry>
      <ManufacturerItemDescription>יופלה טיוב 6 יח</ManufacturerItemDescription>
      <UnitQty>גרמים</UnitQty>
      <Quantity>348.00</Quantity>
      <bIsWeighted>0</bIsWeighted>
      <UnitOfMeasure>100 גרם</UnitOfMeasure>
      <QtyInPackage>1</QtyInPackage>
      <ItemPrice>13.90</ItemPrice>
      <UnitOfMeasurePrice>3.99</UnitOfMeasurePrice>
      <AllowDiscount>1</AllowDiscount>
      <ItemStatus>1</ItemStatus>
    </Item>
    <Item>
      <PriceUpdateDate>2019-09-10 13:18</PriceUpdateDate>
      <ItemCode>7290110323066</ItemCode>
      <ItemType>1</ItemType>
      <ItemName>משקה יוגורטGOבנ.אפרס250מ</ItemName>
      <ManufacturerName>תנובה</ManufacturerName>
      <ManufactureCountry>IL</ManufactureCountry>
      <ManufacturerItemDescription>משקה יוגורט GO</ManufacturerItemDescription>
      <UnitQty>מיליליטרים</UnitQty>
      <Quantity>250.00</Quantity>
      <bIsWeighted>0</bIsWeighted>
      <UnitOfMeasure>100 מ"ל</UnitOfMeasure>
      <QtyInPackage>1</QtyInPackage>
      <ItemPrice>6.70</ItemPrice>
      <UnitOfMeasurePrice>2.68</UnitOfMeasurePrice>
      <AllowDiscount>1</AllowDiscount>
      <ItemStatus>1</ItemStatus>
    </Item>
    <Item>
      <PriceUpdateDate>2019-07-24 08:21</PriceUpdateDate>
      <ItemCode>7290110323202</ItemCode>
      <ItemType>1</ItemType>
      <ItemName>יופלה גו אננס 200 גרם</ItemName>
      <ManufacturerName>תנובה בע"\מ</ManufacturerName>
      <ManufactureCountry>IL</ManufactureCountry>
      <ManufacturerItemDescription>יופלה גו</ManufacturerItemDescription>
      <UnitQty>גרמים</UnitQty>
      <Quantity>200.00</Quantity>
      <bIsWeighted>0</bIsWeighted>
      <UnitOfMeasure>100 גרם</UnitOfMeasure>
      <QtyInPackage>1</QtyInPackage>
      <ItemPrice>5.90</ItemPrice>
      <UnitOfMeasurePrice>2.95</UnitOfMeasurePrice>
      <AllowDiscount>1</AllowDiscount>
      <ItemStatus>1</ItemStatus>
    </Item>
    <Item>
      <PriceUpdateDate>2019-09-09 13:57</PriceUpdateDate>
      <ItemCode>7290110324612</ItemCode>
      <ItemType>1</ItemType>
      <ItemName>יוגורט2% תות שמנת+קש200ג</ItemName>
      <ManufacturerName>תנובה בע"\מ</ManufacturerName>
      <ManufactureCountry>IL</ManufactureCountry>
      <ManufacturerItemDescription>יוגורט עם קש</ManufacturerItemDescription>
      <UnitQty>גרמים</UnitQty>
      <Quantity>200.00</Quantity>
      <bIsWeighted>0</bIsWeighted>
      <UnitOfMeasure>100 גרם</UnitOfMeasure>
      <QtyInPackage>1</QtyInPackage>
      <ItemPrice>6.90</ItemPrice>
      <UnitOfMeasurePrice>3.45</UnitOfMeasurePrice>
      <AllowDiscount>1</AllowDiscount>
      <ItemStatus>1</ItemStatus>
    </Item>
    <Item>
      <PriceUpdateDate>2019-09-09 13:57</PriceUpdateDate>
      <ItemCode>7290110324636</ItemCode>
      <ItemType>1</ItemType>
      <ItemName>יוגורט2%פירות יער+קש200ג</ItemName>
      <ManufacturerName>תנובה בע"\מ</ManufacturerName>
      <ManufactureCountry>IL</ManufactureCountry>
      <ManufacturerItemDescription>יוגורט עם קש</ManufacturerItemDescription>
      <UnitQty>גרמים</UnitQty>
      <Quantity>200.00</Quantity>
      <bIsWeighted>0</bIsWeighted>
      <UnitOfMeasure>100 גרם</UnitOfMeasure>
      <QtyInPackage>1</QtyInPackage>
      <ItemPrice>6.90</ItemPrice>
      <UnitOfMeasurePrice>3.45</UnitOfMeasurePrice>
      <AllowDiscount>1</AllowDiscount>
      <ItemStatus>1</ItemStatus>
    </Item>
    <Item>
      <PriceUpdateDate>2019-09-06 05:33</PriceUpdateDate>
      <ItemCode>7290110324711</ItemCode>
      <ItemType>1</ItemType>
      <ItemName>ממרח סויה9% טעם טבעי250ג</ItemName>
      <ManufacturerName>תנובה בע"\מ</ManufacturerName>
      <ManufactureCountry>IL</ManufactureCountry>
      <ManufacturerItemDescription>ממרח סויה 9%</ManufacturerItemDescription>
      <UnitQty>גרמים</UnitQty>
      <Quantity>250.00</Quantity>
      <bIsWeighted>0</bIsWeighted>
      <UnitOfMeasure>100 גרם</UnitOfMeasure>
      <QtyInPackage>1</QtyInPackage>
      <ItemPrice>10.90</ItemPrice>
      <UnitOfMeasurePrice>4.36</UnitOfMeasurePrice>
      <AllowDiscount>1</AllowDiscount>
      <ItemStatus>1</ItemStatus>
    </Item>
    <Item>
      <PriceUpdateDate>2019-09-18 09:27</PriceUpdateDate>
      <ItemCode>7290110324773</ItemCode>
      <ItemType>1</ItemType>
      <ItemName>משק.חלב גו וניל+חלבון340</ItemName>
      <ManufacturerName>תנובה בע"\מ</ManufacturerName>
      <ManufactureCountry>IL</ManufactureCountry>
      <ManufacturerItemDescription>משקה חלב + חלבון</ManufacturerItemDescription>
      <UnitQty>גרמים</UnitQty>
      <Quantity>340.00</Quantity>
      <bIsWeighted>0</bIsWeighted>
      <UnitOfMeasure>100 גרם</UnitOfMeasure>
      <QtyInPackage>1</QtyInPackage>
      <ItemPrice>7.90</ItemPrice>
      <UnitOfMeasurePrice>2.32</UnitOfMeasurePrice>
      <AllowDiscount>1</AllowDiscount>
      <ItemStatus>1</ItemStatus>
    </Item>
    <Item>
      <PriceUpdateDate>2020-01-15 12:45</PriceUpdateDate>
      <ItemCode>7290110324872</ItemCode>
      <ItemType>1</ItemType>
      <ItemName>גבינת גלבוע 5% פרוסות 20</ItemName>
      <ManufacturerName>---</ManufacturerName>
      <ManufactureCountry>IL</ManufactureCountry>
      <ManufacturerItemDescription>גלבוע 5% 200גרם</ManufacturerItemDescription>
      <UnitQty>גרמים</UnitQty>
      <Quantity>200.00</Quantity>
      <bIsWeighted>0</bIsWeighted>
      <UnitOfMeasure>100 גרם</UnitOfMeasure>
      <QtyInPackage>1</QtyInPackage>
      <ItemPrice>18.90</ItemPrice>
      <UnitOfMeasurePrice>9.45</UnitOfMeasurePrice>
      <AllowDiscount>1</AllowDiscount>
      <ItemStatus>1</ItemStatus>
    </Item>
    <Item>
      <PriceUpdateDate>2019-11-22 00:15</PriceUpdateDate>
      <ItemCode>7290110324926</ItemCode>
      <ItemType>1</ItemType>
      <ItemName>משקה סויה ללת"ס 1 ליטר</ItemName>
      <ManufacturerName>תנובה בע"\מ</ManufacturerName>
      <ManufactureCountry>IL</ManufactureCountry>
      <ManufacturerItemDescription>משקה סויה ללת"ס</ManufacturerItemDescription>
      <UnitQty>ליטרים</UnitQty>
      <Quantity>1.00</Quantity>
      <bIsWeighted>0</bIsWeighted>
      <UnitOfMeasure>ליטר</UnitOfMeasure>
      <QtyInPackage>1</QtyInPackage>
      <ItemPrice>11.90</ItemPrice>
      <UnitOfMeasurePrice>11.90</UnitOfMeasurePrice>
      <AllowDiscount>1</AllowDiscount>
      <ItemStatus>1</ItemStatus>
    </Item>
    <Item>
      <PriceUpdateDate>2020-08-04 16:29</PriceUpdateDate>
      <ItemCode>7290110325114</ItemCode>
      <ItemType>1</ItemType>
      <ItemName>משקה יוגורט GO לייט תות</ItemName>
      <ManufacturerName>תנובה בע"\מ</ManufacturerName>
      <ManufactureCountry>IL</ManufactureCountry>
      <ManufacturerItemDescription>משקה יוגורט GO</ManufacturerItemDescription>
      <UnitQty>מיליליטרים</UnitQty>
      <Quantity>250.00</Quantity>
      <bIsWeighted>0</bIsWeighted>
      <UnitOfMeasure>100 מ"ל</UnitOfMeasure>
      <QtyInPackage>1</QtyInPackage>
      <ItemPrice>6.90</ItemPrice>
      <UnitOfMeasurePrice>2.76</UnitOfMeasurePrice>
      <AllowDiscount>1</AllowDiscount>
      <ItemStatus>1</ItemStatus>
    </Item>
    <Item>
      <PriceUpdateDate>2019-11-19 11:30</PriceUpdateDate>
      <ItemCode>7290110325237</ItemCode>
      <ItemType>1</ItemType>
      <ItemName>גלבוע 22% דקדק 200 גרם</ItemName>
      <ManufacturerName>---</ManufacturerName>
      <ManufactureCountry>IL</ManufactureCountry>
      <ManufacturerItemDescription>גבינת גלבוע דקדק</ManufacturerItemDescription>
      <UnitQty>גרמים</UnitQty>
      <Quantity>200.00</Quantity>
      <bIsWeighted>0</bIsWeighted>
      <UnitOfMeasure>100 גרם</UnitOfMeasure>
      <QtyInPackage>1</QtyInPackage>
      <ItemPrice>13.20</ItemPrice>
      <UnitOfMeasurePrice>6.60</UnitOfMeasurePrice>
      <AllowDiscount>1</AllowDiscount>
      <ItemStatus>1</ItemStatus>
    </Item>
    <Item>
      <PriceUpdateDate>2020-01-24 05:34</PriceUpdateDate>
      <ItemCode>7290110325619</ItemCode>
      <ItemType>1</ItemType>
      <ItemName>משקה שיבולת שועל 1 ליטר</ItemName>
      <ManufacturerName>תנובה בע"\מ</ManufacturerName>
      <ManufactureCountry>IL</ManufactureCountry>
      <ManufacturerItemDescription>משקה שיבולת שועל</ManufacturerItemDescription>
      <UnitQty>ליטרים</UnitQty>
      <Quantity>1.00</Quantity>
      <bIsWeighted>0</bIsWeighted>
      <UnitOfMeasure>ליטר</UnitOfMeasure>
      <QtyInPackage>1</QtyInPackage>
      <ItemPrice>14.80</ItemPrice>
      <UnitOfMeasurePrice>14.80</UnitOfMeasurePrice>
      <AllowDiscount>1</AllowDiscount>
      <ItemStatus>1</ItemStatus>
    </Item>
    <Item>
      <PriceUpdateDate>2020-02-21 05:36</PriceUpdateDate>
      <ItemCode>7290110325701</ItemCode>
      <ItemType>1</ItemType>
      <ItemName>פיראוס צזיקי יווני9% 250</ItemName>
      <ManufacturerName>מחלבת הרדוף</ManufacturerName>
      <ManufactureCountry>IL</ManufactureCountry>
      <ManufacturerItemDescription>צזיקי יווני</ManufacturerItemDescription>
      <UnitQty>גרמים</UnitQty>
      <Quantity>250.00</Quantity>
      <bIsWeighted>0</bIsWeighted>
      <UnitOfMeasure>100 גרם</UnitOfMeasure>
      <QtyInPackage>1</QtyInPackage>
      <ItemPrice>14.90</ItemPrice>
      <UnitOfMeasurePrice>5.96</UnitOfMeasurePrice>
      <AllowDiscount>1</AllowDiscount>
      <ItemStatus>1</ItemStatus>
    </Item>
    <Item>
      <PriceUpdateDate>2020-02-14 05:36</PriceUpdateDate>
      <ItemCode>7290110325893</ItemCode>
      <ItemType>1</ItemType>
      <ItemName>אייס קפה GO תנובה 340מ"ל</ItemName>
      <ManufacturerName>תנובה בע"\מ</ManufacturerName>
      <ManufactureCountry>IL</ManufactureCountry>
      <ManufacturerItemDescription>אייס קפה GO</ManufacturerItemDescription>
      <UnitQty>מיליליטרים</UnitQty>
      <Quantity>340.00</Quantity>
      <bIsWeighted>0</bIsWeighted>
      <UnitOfMeasure>100 מ"ל</UnitOfMeasure>
      <QtyInPackage>1</QtyInPackage>
      <ItemPrice>7.90</ItemPrice>
      <UnitOfMeasurePrice>2.32</UnitOfMeasurePrice>
      <AllowDiscount>1</AllowDiscount>
      <ItemStatus>1</ItemStatus>
    </Item>
    <Item>
      <PriceUpdateDate>2020-07-13 13:01</PriceUpdateDate>
      <ItemCode>7290110325909</ItemCode>
      <ItemType>1</ItemType>
      <ItemName>יוגורט עם תות בתחתית150ג</ItemName>
      <ManufacturerName>---</ManufacturerName>
      <ManufactureCountry>IL</ManufactureCountry>
      <ManufacturerItemDescription>יופלה תות</ManufacturerItemDescription>
      <UnitQty>גרמים</UnitQty>
      <Quantity>150.00</Quantity>
      <bIsWeighted>0</bIsWeighted>
      <UnitOfMeasure>100 גרם</UnitOfMeasure>
      <QtyInPackage>1</QtyInPackage>
      <ItemPrice>5.20</ItemPrice>
      <UnitOfMeasurePrice>3.47</UnitOfMeasurePrice>
      <AllowDiscount>1</AllowDiscount>
      <ItemStatus>1</ItemStatus>
    </Item>
    <Item>
      <PriceUpdateDate>2020-07-13 13:01</PriceUpdateDate>
      <ItemCode>7290110325916</ItemCode>
      <ItemType>1</ItemType>
      <ItemName>יוגורט+אפרסק בתחתית150גר</ItemName>
      <ManufacturerName>---</ManufacturerName>
      <ManufactureCountry>IL</ManufactureCountry>
      <ManufacturerItemDescription>יופלה אפרסק</ManufacturerItemDescription>
      <UnitQty>גרמים</UnitQty>
      <Quantity>150.00</Quantity>
      <bIsWeighted>0</bIsWeighted>
      <UnitOfMeasure>100 גרם</UnitOfMeasure>
      <QtyInPackage>1</QtyInPackage>
      <ItemPrice>5.20</ItemPrice>
      <UnitOfMeasurePrice>3.47</UnitOfMeasurePrice>
      <AllowDiscount>1</AllowDiscount>
      <ItemStatus>1</ItemStatus>
    </Item>
    <Item>
      <PriceUpdateDate>2020-07-13 13:01</PriceUpdateDate>
      <ItemCode>7290110325923</ItemCode>
      <ItemType>1</ItemType>
      <ItemName>יוגורט+מנגו בתחתית150גרם</ItemName>
      <ManufacturerName>---</ManufacturerName>
      <ManufactureCountry>IL</ManufactureCountry>
      <ManufacturerItemDescription>יופלה מנגו</ManufacturerItemDescription>
      <UnitQty>גרמים</UnitQty>
      <Quantity>150.00</Quantity>
      <bIsWeighted>0</bIsWeighted>
      <UnitOfMeasure>100 גרם</UnitOfMeasure>
      <QtyInPackage>1</QtyInPackage>
      <ItemPrice>5.20</ItemPrice>
      <UnitOfMeasurePrice>3.47</UnitOfMeasurePrice>
      <AllowDiscount>1</AllowDiscount>
      <ItemStatus>1</ItemStatus>
    </Item>
    <Item>
      <PriceUpdateDate>2020-05-07 15:55</PriceUpdateDate>
      <ItemCode>7290110326197</ItemCode>
      <ItemType>1</ItemType>
      <ItemName>יוגורט אננס תות2%קש200ג</ItemName>
      <ManufacturerName>---</ManufacturerName>
      <ManufactureCountry>IL</ManufactureCountry>
      <ManufacturerItemDescription>יוגורט עם קש</ManufacturerItemDescription>
      <UnitQty>גרמים</UnitQty>
      <Quantity>200.00</Quantity>
      <bIsWeighted>0</bIsWeighted>
      <UnitOfMeasure>100 גרם</UnitOfMeasure>
      <QtyInPackage>1</QtyInPackage>
      <ItemPrice>6.90</ItemPrice>
      <UnitOfMeasurePrice>3.45</UnitOfMeasurePrice>
      <AllowDiscount>1</AllowDiscount>
      <ItemStatus>1</ItemStatus>
    </Item>
    <Item>
      <PriceUpdateDate>2020-05-21 14:27</PriceUpdateDate>
      <ItemCode>7290110326456</ItemCode>
      <ItemType>1</ItemType>
      <ItemName>יופלה דיאט בננה קרמל150ג</ItemName>
      <ManufacturerName>---</ManufacturerName>
      <ManufactureCountry>IL</ManufactureCountry>
      <ManufacturerItemDescription>יופלה דיאט</ManufacturerItemDescription>
      <UnitQty>גרמים</UnitQty>
      <Quantity>150.00</Quantity>
      <bIsWeighted>0</bIsWeighted>
      <UnitOfMeasure>100 גרם</UnitOfMeasure>
      <QtyInPackage>1</QtyInPackage>
      <ItemPrice>5.20</ItemPrice>
      <UnitOfMeasurePrice>3.47</UnitOfMeasurePrice>
      <AllowDiscount>1</AllowDiscount>
      <ItemStatus>1</ItemStatus>
    </Item>
    <Item>
      <PriceUpdateDate>2020-08-18 13:48</PriceUpdateDate>
      <ItemCode>7290110327002</ItemCode>
      <ItemType>1</ItemType>
      <ItemName>יולו משקה שוקולד 250מ"ל</ItemName>
      <ManufacturerName>---</ManufacturerName>
      <ManufactureCountry>IL</ManufactureCountry>
      <ManufacturerItemDescription>יולו משקה חלב</ManufacturerItemDescription>
      <UnitQty>מיליליטרים</UnitQty>
      <Quantity>250.00</Quantity>
      <bIsWeighted>0</bIsWeighted>
      <UnitOfMeasure>100 מ"ל</UnitOfMeasure>
      <QtyInPackage>1</QtyInPackage>
      <ItemPrice>6.20</ItemPrice>
      <UnitOfMeasurePrice>2.48</UnitOfMeasurePrice>
      <AllowDiscount>1</AllowDiscount>
      <ItemStatus>1</ItemStatus>
    </Item>
    <Item>
      <PriceUpdateDate>2020-08-18 13:48</PriceUpdateDate>
      <ItemCode>7290110327026</ItemCode>
      <ItemType>1</ItemType>
      <ItemName>יולו משקה חלב ש.מריר340מ</ItemName>
      <ManufacturerName>תנובה</ManufacturerName>
      <ManufactureCountry>IL</ManufactureCountry>
      <ManufacturerItemDescription>יולו משקה חלב</ManufacturerItemDescription>
      <UnitQty>מיליליטרים</UnitQty>
      <Quantity>340.00</Quantity>
      <bIsWeighted>0</bIsWeighted>
      <UnitOfMeasure>100 מ"ל</UnitOfMeasure>
      <QtyInPackage>1</QtyInPackage>
      <ItemPrice>7.30</ItemPrice>
      <UnitOfMeasurePrice>2.15</UnitOfMeasurePrice>
      <AllowDiscount>1</AllowDiscount>
      <ItemStatus>1</ItemStatus>
    </Item>
    <Item>
      <PriceUpdateDate>2020-08-17 09:13</PriceUpdateDate>
      <ItemCode>7290110327279</ItemCode>
      <ItemType>1</ItemType>
      <ItemName>נפוליאון 24% טוסקנה 225ג</ItemName>
      <ManufacturerName>תנובה</ManufacturerName>
      <ManufactureCountry>IL</ManufactureCountry>
      <ManufacturerItemDescription>נפוליאון טוסקנה</ManufacturerItemDescription>
      <UnitQty>גרמים</UnitQty>
      <Quantity>225.00</Quantity>
      <bIsWeighted>0</bIsWeighted>
      <UnitOfMeasure>100 גרם</UnitOfMeasure>
      <QtyInPackage>1</QtyInPackage>
      <ItemPrice>15.00</ItemPrice>
      <UnitOfMeasurePrice>6.67</UnitOfMeasurePrice>
      <AllowDiscount>1</AllowDiscount>
      <ItemStatus>1</ItemStatus>
    </Item>
    <Item>
      <PriceUpdateDate>2018-12-07 05:34</PriceUpdateDate>
      <ItemCode>7290110560317</ItemCode>
      <ItemType>1</ItemType>
      <ItemName>פריכיות משולש מלח ים30גר</ItemName>
      <ManufacturerName>פרח</ManufacturerName>
      <ManufactureCountry>IL</ManufactureCountry>
      <ManufacturerItemDescription>פריכיות אנרג'י</ManufacturerItemDescription>
      <UnitQty>גרמים</UnitQty>
      <Quantity>30.00</Quantity>
      <bIsWeighted>0</bIsWeighted>
      <UnitOfMeasure>100 גרם</UnitOfMeasure>
      <QtyInPackage>1</QtyInPackage>
      <ItemPrice>5.50</ItemPrice>
      <UnitOfMeasurePrice>18.33</UnitOfMeasurePrice>
      <AllowDiscount>1</AllowDiscount>
      <ItemStatus>1</ItemStatus>
    </Item>
    <Item>
      <PriceUpdateDate>2018-12-14 05:36</PriceUpdateDate>
      <ItemCode>7290110560324</ItemCode>
      <ItemType>1</ItemType>
      <ItemName>פריכיות משולשות+אפונה30ג</ItemName>
      <ManufacturerName>פרח</ManufacturerName>
      <ManufactureCountry>IL</ManufactureCountry>
      <ManufacturerItemDescription>פריכיות אנרג'י</ManufacturerItemDescription>
      <UnitQty>גרמים</UnitQty>
      <Quantity>30.00</Quantity>
      <bIsWeighted>0</bIsWeighted>
      <UnitOfMeasure>100 גרם</UnitOfMeasure>
      <QtyInPackage>1</QtyInPackage>
      <ItemPrice>5.50</ItemPrice>
      <UnitOfMeasurePrice>18.33</UnitOfMeasurePrice>
      <AllowDiscount>1</AllowDiscount>
      <ItemStatus>1</ItemStatus>
    </Item>
    <Item>
      <PriceUpdateDate>2018-04-17 13:29</PriceUpdateDate>
      <ItemCode>7290110560836</ItemCode>
      <ItemType>1</ItemType>
      <ItemName>מילקי בטעם פסק זמן 133 ג</ItemName>
      <ManufacturerName>שטראוס גרופ בע"\מ</ManufacturerName>
      <ManufactureCountry>IL</ManufactureCountry>
      <ManufacturerItemDescription>מילקי פסק זמן</ManufacturerItemDescription>
      <UnitQty>גרמים</UnitQty>
      <Quantity>133.00</Quantity>
      <bIsWeighted>0</bIsWeighted>
      <UnitOfMeasure>100 גרם</UnitOfMeasure>
      <QtyInPackage>1</QtyInPackage>
      <ItemPrice>2.90</ItemPrice>
      <UnitOfMeasurePrice>2.18</UnitOfMeasurePrice>
      <AllowDiscount>1</AllowDiscount>
      <ItemStatus>1</ItemStatus>
    </Item>
    <Item>
      <PriceUpdateDate>2018-04-17 13:29</PriceUpdateDate>
      <ItemCode>7290110561543</ItemCode>
      <ItemType>1</ItemType>
      <ItemName>פרו טריפל זירו וניל 150ג</ItemName>
      <ManufacturerName>שטראוס בריאות בע"\מ</ManufacturerName>
      <ManufactureCountry>IL</ManufactureCountry>
      <ManufacturerItemDescription>דנונה פרו</ManufacturerItemDescription>
      <UnitQty>גרמים</UnitQty>
      <Quantity>150.00</Quantity>
      <bIsWeighted>0</bIsWeighted>
      <UnitOfMeasure>100 גרם</UnitOfMeasure>
      <QtyInPackage>1</QtyInPackage>
      <ItemPrice>4.90</ItemPrice>
      <UnitOfMeasurePrice>3.27</UnitOfMeasurePrice>
      <AllowDiscount>1</AllowDiscount>
      <ItemStatus>1</ItemStatus>
    </Item>
    <Item>
      <PriceUpdateDate>2019-02-15 05:39</PriceUpdateDate>
      <ItemCode>7290110563431</ItemCode>
      <ItemType>1</ItemType>
      <ItemName>אייס קפה 1.6% קלאסי 230מ</ItemName>
      <ManufacturerName>אנסטל מילק kg</ManufacturerName>
      <ManufactureCountry>AT</ManufactureCountry>
      <ManufacturerItemDescription>משקה אייס קפה</ManufacturerItemDescription>
      <UnitQty>מיליליטרים</UnitQty>
      <Quantity>230.00</Quantity>
      <bIsWeighted>0</bIsWeighted>
      <UnitOfMeasure>100 מ"ל</UnitOfMeasure>
      <QtyInPackage>1</QtyInPackage>
      <ItemPrice>7.90</ItemPrice>
      <UnitOfMeasurePrice>3.43</UnitOfMeasurePrice>
      <AllowDiscount>1</AllowDiscount>
      <ItemStatus>1</ItemStatus>
    </Item>
    <Item>
      <PriceUpdateDate>2019-02-15 05:39</PriceUpdateDate>
      <ItemCode>7290110563448</ItemCode>
      <ItemType>1</ItemType>
      <ItemName>אייס קפה 1.6% מעודן 230מ</ItemName>
      <ManufacturerName>אנסטל מילק kg</ManufacturerName>
      <ManufactureCountry>AT</ManufactureCountry>
      <ManufacturerItemDescription>משקה אייס קפה</ManufacturerItemDescription>
      <UnitQty>מיליליטרים</UnitQty>
      <Quantity>230.00</Quantity>
      <bIsWeighted>0</bIsWeighted>
      <UnitOfMeasure>100 מ"ל</UnitOfMeasure>
      <QtyInPackage>1</QtyInPackage>
      <ItemPrice>7.90</ItemPrice>
      <UnitOfMeasurePrice>3.43</UnitOfMeasurePrice>
      <AllowDiscount>1</AllowDiscount>
      <ItemStatus>1</ItemStatus>
    </Item>
    <Item>
      <PriceUpdateDate>2018-08-03 05:34</PriceUpdateDate>
      <ItemCode>7290110564513</ItemCode>
      <ItemType>1</ItemType>
      <ItemName>עוגת אגוזי עם קרם 380גרם</ItemName>
      <ManufacturerName>שטראוס</ManufacturerName>
      <ManufactureCountry>IL</ManufactureCountry>
      <ManufacturerItemDescription>עוגת אגוזי</ManufacturerItemDescription>
      <UnitQty>גרמים</UnitQty>
      <Quantity>380.00</Quantity>
      <bIsWeighted>0</bIsWeighted>
      <UnitOfMeasure>100 גרם</UnitOfMeasure>
      <QtyInPackage>1</QtyInPackage>
      <ItemPrice>18.50</ItemPrice>
      <UnitOfMeasurePrice>4.87</UnitOfMeasurePrice>
      <AllowDiscount>1</AllowDiscount>
      <ItemStatus>1</ItemStatus>
    </Item>
    <Item>
      <PriceUpdateDate>2019-02-15 05:39</PriceUpdateDate>
      <ItemCode>7290110564742</ItemCode>
      <ItemType>1</ItemType>
      <ItemName>אייס קפה 1.2% חזק 230 מל</ItemName>
      <ManufacturerName>אנסטל מילק kg</ManufacturerName>
      <ManufactureCountry>AT</ManufactureCountry>
      <ManufacturerItemDescription>משקה אייס קפה</ManufacturerItemDescription>
      <UnitQty>מיליליטרים</UnitQty>
      <Quantity>230.00</Quantity>
      <bIsWeighted>0</bIsWeighted>
      <UnitOfMeasure>100 מ"ל</UnitOfMeasure>
      <QtyInPackage>1</QtyInPackage>
      <ItemPrice>7.90</ItemPrice>
      <UnitOfMeasurePrice>3.43</UnitOfMeasurePrice>
      <AllowDiscount>1</AllowDiscount>
      <ItemStatus>1</ItemStatus>
    </Item>
    <Item>
      <PriceUpdateDate>2017-12-29 09:06</PriceUpdateDate>
      <ItemCode>7290110565527</ItemCode>
      <ItemType>1</ItemType>
      <ItemName>דנונה פרו 20ג חלבון 200ג</ItemName>
      <ManufacturerName>שטראוס גרופ בע"\מ</ManufacturerName>
      <ManufactureCountry>IL</ManufactureCountry>
      <ManufacturerItemDescription>דנונה פרו חלבון</ManufacturerItemDescription>
      <UnitQty>גרמים</UnitQty>
      <Quantity>200.00</Quantity>
      <bIsWeighted>0</bIsWeighted>
      <UnitOfMeasure>100 גרם</UnitOfMeasure>
      <QtyInPackage>1</QtyInPackage>
      <ItemPrice>6.20</ItemPrice>
      <UnitOfMeasurePrice>3.10</UnitOfMeasurePrice>
      <AllowDiscount>1</AllowDiscount>
      <ItemStatus>1</ItemStatus>
    </Item>
    <Item>
      <PriceUpdateDate>2019-08-13 08:20</PriceUpdateDate>
      <ItemCode>7290110566418</ItemCode>
      <ItemType>1</ItemType>
      <ItemName>רבע לשבע מריר 60% 120ג</ItemName>
      <ManufacturerName>הגביע מוצרי וופלים בע"\מ</ManufacturerName>
      <ManufactureCountry>IL</ManufactureCountry>
      <ManufacturerItemDescription>רבע לשבע מריר</ManufacturerItemDescription>
      <UnitQty>גרמים</UnitQty>
      <Quantity>120.00</Quantity>
      <bIsWeighted>0</bIsWeighted>
      <UnitOfMeasure>100 גרם</UnitOfMeasure>
      <QtyInPackage>1</QtyInPackage>
      <ItemPrice>12.90</ItemPrice>
      <UnitOfMeasurePrice>10.75</UnitOfMeasurePrice>
      <AllowDiscount>1</AllowDiscount>
      <ItemStatus>1</ItemStatus>
    </Item>
    <Item>
      <PriceUpdateDate>2018-07-27 05:34</PriceUpdateDate>
      <ItemCode>7290110566623</ItemCode>
      <ItemType>1</ItemType>
      <ItemName>קפסולות קולומביה מס' 8</ItemName>
      <ManufacturerName>שטראוס קפה בי.וי.</ManufacturerName>
      <ManufactureCountry>IL</ManufactureCountry>
      <ManufacturerItemDescription>קפסולות מס' 8</ManufacturerItemDescription>
      <UnitQty>גרמים</UnitQty>
      <Quantity>50.00</Quantity>
      <bIsWeighted>0</bIsWeighted>
      <UnitOfMeasure>100 גרם</UnitOfMeasure>
      <QtyInPackage>1</QtyInPackage>
      <ItemPrice>18.90</ItemPrice>
      <UnitOfMeasurePrice>37.80</UnitOfMeasurePrice>
      <AllowDiscount>1</AllowDiscount>
      <ItemStatus>1</ItemStatus>
    </Item>
    <Item>
      <PriceUpdateDate>2018-04-17 13:29</PriceUpdateDate>
      <ItemCode>7290110566975</ItemCode>
      <ItemType>1</ItemType>
      <ItemName>דנונ.פרו20ג חלבון תות200</ItemName>
      <ManufacturerName>שטראוס בריאות בע"\מ</ManufacturerName>
      <ManufactureCountry>IL</ManufactureCountry>
      <ManufacturerItemDescription>דנונה פרו חלבון</ManufacturerItemDescription>
      <UnitQty>גרמים</UnitQty>
      <Quantity>200.00</Quantity>
      <bIsWeighted>0</bIsWeighted>
      <UnitOfMeasure>100 גרם</UnitOfMeasure>
      <QtyInPackage>1</QtyInPackage>
      <ItemPrice>6.20</ItemPrice>
      <UnitOfMeasurePrice>3.10</UnitOfMeasurePrice>
      <AllowDiscount>1</AllowDiscount>
      <ItemStatus>1</ItemStatus>
    </Item>
    <Item>
      <PriceUpdateDate>2020-07-16 13:44</PriceUpdateDate>
      <ItemCode>7290111343124</ItemCode>
      <ItemType>1</ItemType>
      <ItemName>נייר טואלט לילי דאבל 24ג</ItemName>
      <ManufacturerName>---</ManufacturerName>
      <ManufactureCountry>IL</ManufactureCountry>
      <ManufacturerItemDescription>נייר ט.לילי דאבל</ManufacturerItemDescription>
      <UnitQty>מטרים</UnitQty>
      <Quantity>883.00</Quantity>
      <bIsWeighted>0</bIsWeighted>
      <UnitOfMeasure>100 מטר</UnitOfMeasure>
      <QtyInPackage>1</QtyInPackage>
      <ItemPrice>55.90</ItemPrice>
      <UnitOfMeasurePrice>6.33</UnitOfMeasurePrice>
      <AllowDiscount>1</AllowDiscount>
      <ItemStatus>1</ItemStatus>
    </Item>
    <Item>
      <PriceUpdateDate>2018-02-12 08:51</PriceUpdateDate>
      <ItemCode>7290111350368</ItemCode>
      <ItemType>1</ItemType>
      <ItemName>לקקן צ'ופה בטעם פירות1יח</ItemName>
      <ManufacturerName>צ'ופה צ'ופס</ManufacturerName>
      <ManufactureCountry>ES</ManufactureCountry>
      <ManufacturerItemDescription>לקקן צ'ופה</ManufacturerItemDescription>
      <UnitQty>יחידה</UnitQty>
      <Quantity>1.00</Quantity>
      <bIsWeighted>0</bIsWeighted>
      <UnitOfMeasure>יחידה</UnitOfMeasure>
      <QtyInPackage>1</QtyInPackage>
      <ItemPrice>1.50</ItemPrice>
      <UnitOfMeasurePrice>1.50</UnitOfMeasurePrice>
      <AllowDiscount>1</AllowDiscount>
      <ItemStatus>1</ItemStatus>
    </Item>
    <Item>
      <PriceUpdateDate>2019-05-24 05:36</PriceUpdateDate>
      <ItemCode>7290111350719</ItemCode>
      <ItemType>1</ItemType>
      <ItemName>נאצ'וס בסגנון מסעדות322ג</ItemName>
      <ManufacturerName>---</ManufacturerName>
      <ManufactureCountry>US</ManufactureCountry>
      <ManufacturerItemDescription>חטיף נאצ'וס</ManufacturerItemDescription>
      <UnitQty>גרמים</UnitQty>
      <Quantity>322.00</Quantity>
      <bIsWeighted>0</bIsWeighted>
      <UnitOfMeasure>100 גרם</UnitOfMeasure>
      <QtyInPackage>1</QtyInPackage>
      <ItemPrice>17.90</ItemPrice>
      <UnitOfMeasurePrice>5.56</UnitOfMeasurePrice>
      <AllowDiscount>1</AllowDiscount>
      <ItemStatus>1</ItemStatus>
    </Item>
    <Item>
      <PriceUpdateDate>2018-02-21 10:09</PriceUpdateDate>
      <ItemCode>7290111563799</ItemCode>
      <ItemType>1</ItemType>
      <ItemName>פסטה ספירלי20%תוספת600ג</ItemName>
      <ManufacturerName>פסטה זארה</ManufacturerName>
      <ManufactureCountry>IT</ManufactureCountry>
      <ManufacturerItemDescription>פסטה ספירלי</ManufacturerItemDescription>
      <UnitQty>גרמים</UnitQty>
      <Quantity>600.00</Quantity>
      <bIsWeighted>0</bIsWeighted>
      <UnitOfMeasure>100 גרם</UnitOfMeasure>
      <QtyInPackage>1</QtyInPackage>
      <ItemPrice>6.50</ItemPrice>
      <UnitOfMeasurePrice>1.08</UnitOfMeasurePrice>
      <AllowDiscount>1</AllowDiscount>
      <ItemStatus>1</ItemStatus>
    </Item>
    <Item>
      <PriceUpdateDate>2018-01-30 11:39</PriceUpdateDate>
      <ItemCode>7290111564277</ItemCode>
      <ItemType>1</ItemType>
      <ItemName>פריכיות דק.פיטנס3דגנ120ג</ItemName>
      <ManufacturerName>פרח תעשיות בעמ</ManufacturerName>
      <ManufactureCountry>IL</ManufactureCountry>
      <ManufacturerItemDescription>פריכיות פיטנס</ManufacturerItemDescription>
      <UnitQty>גרמים</UnitQty>
      <Quantity>120.00</Quantity>
      <bIsWeighted>0</bIsWeighted>
      <UnitOfMeasure>100 גרם</UnitOfMeasure>
      <QtyInPackage>1</QtyInPackage>
      <ItemPrice>11.90</ItemPrice>
      <UnitOfMeasurePrice>9.92</UnitOfMeasurePrice>
      <AllowDiscount>1</AllowDiscount>
      <ItemStatus>1</ItemStatus>
    </Item>
    <Item>
      <PriceUpdateDate>2018-01-30 11:39</PriceUpdateDate>
      <ItemCode>7290111564291</ItemCode>
      <ItemType>1</ItemType>
      <ItemName>פריכיות דקות+קינואה120גר</ItemName>
      <ManufacturerName>פרח תעשיות בעמ</ManufacturerName>
      <ManufactureCountry>IL</ManufactureCountry>
      <ManufacturerItemDescription>פריכיות פיטנס</ManufacturerItemDescription>
      <UnitQty>גרמים</UnitQty>
      <Quantity>120.00</Quantity>
      <bIsWeighted>0</bIsWeighted>
      <UnitOfMeasure>100 גרם</UnitOfMeasure>
      <QtyInPackage>1</QtyInPackage>
      <ItemPrice>11.90</ItemPrice>
      <UnitOfMeasurePrice>9.92</UnitOfMeasurePrice>
      <AllowDiscount>1</AllowDiscount>
      <ItemStatus>1</ItemStatus>
    </Item>
    <Item>
      <PriceUpdateDate>2018-01-16 08:32</PriceUpdateDate>
      <ItemCode>7290111564741</ItemCode>
      <ItemType>1</ItemType>
      <ItemName>ערגליות פטל 300 גרם</ItemName>
      <ManufacturerName>אסם השקעות בע"\מ</ManufacturerName>
      <ManufactureCountry>IL</ManufactureCountry>
      <ManufacturerItemDescription>ערגליות פטל</ManufacturerItemDescription>
      <UnitQty>גרמים</UnitQty>
      <Quantity>300.00</Quantity>
      <bIsWeighted>0</bIsWeighted>
      <UnitOfMeasure>100 גרם</UnitOfMeasure>
      <QtyInPackage>1</QtyInPackage>
      <ItemPrice>11.50</ItemPrice>
      <UnitOfMeasurePrice>3.83</UnitOfMeasurePrice>
      <AllowDiscount>1</AllowDiscount>
      <ItemStatus>1</ItemStatus>
    </Item>
    <Item>
      <PriceUpdateDate>2018-03-20 12:43</PriceUpdateDate>
      <ItemCode>7290111566226</ItemCode>
      <ItemType>1</ItemType>
      <ItemName>שניצל ברוקולי טבעול 564</ItemName>
      <ManufacturerName>טבעול</ManufacturerName>
      <ManufactureCountry>IL</ManufactureCountry>
      <ManufacturerItemDescription>שניצל ברוקולי</ManufacturerItemDescription>
      <UnitQty>גרמים</UnitQty>
      <Quantity>564.00</Quantity>
      <bIsWeighted>0</bIsWeighted>
      <UnitOfMeasure>100 גרם</UnitOfMeasure>
      <QtyInPackage>1</QtyInPackage>
      <ItemPrice>34.90</ItemPrice>
      <UnitOfMeasurePrice>6.19</UnitOfMeasurePrice>
      <AllowDiscount>1</AllowDiscount>
      <ItemStatus>1</ItemStatus>
    </Item>
    <Item>
      <PriceUpdateDate>2018-03-20 12:43</PriceUpdateDate>
      <ItemCode>7290111566318</ItemCode>
      <ItemType>1</ItemType>
      <ItemName>שניצל דק מן הצומח 564 גר</ItemName>
      <ManufacturerName>טבעול</ManufacturerName>
      <ManufactureCountry>IL</ManufactureCountry>
      <ManufacturerItemDescription>שניצל דק מן הצומ</ManufacturerItemDescription>
      <UnitQty>גרמים</UnitQty>
      <Quantity>564.00</Quantity>
      <bIsWeighted>0</bIsWeighted>
      <UnitOfMeasure>100 גרם</UnitOfMeasure>
      <QtyInPackage>1</QtyInPackage>
      <ItemPrice>34.90</ItemPrice>
      <UnitOfMeasurePrice>6.19</UnitOfMeasurePrice>
      <AllowDiscount>1</AllowDiscount>
      <ItemStatus>1</ItemStatus>
    </Item>
    <Item>
      <PriceUpdateDate>2018-02-21 10:09</PriceUpdateDate>
      <ItemCode>7290111566332</ItemCode>
      <ItemType>1</ItemType>
      <ItemName>נקניקיות וינר צמחונית680</ItemName>
      <ManufacturerName>טבעול</ManufacturerName>
      <ManufactureCountry>IL</ManufactureCountry>
      <ManufacturerItemDescription>נקנ' וינר צמחוני</ManufacturerItemDescription>
      <UnitQty>גרמים</UnitQty>
      <Quantity>680.00</Quantity>
      <bIsWeighted>0</bIsWeighted>
      <UnitOfMeasure>100 גרם</UnitOfMeasure>
      <QtyInPackage>1</QtyInPackage>
      <ItemPrice>34.90</ItemPrice>
      <UnitOfMeasurePrice>5.13</UnitOfMeasurePrice>
      <AllowDiscount>1</AllowDiscount>
      <ItemStatus>1</ItemStatus>
    </Item>
    <Item>
      <PriceUpdateDate>2019-05-17 05:37</PriceUpdateDate>
      <ItemCode>7290111936241</ItemCode>
      <ItemType>1</ItemType>
      <ItemName>ס.סטיק ספריי אנרג'י140מל</ItemName>
      <ManufacturerName>קולגייט פלמוליב</ManufacturerName>
      <ManufactureCountry>MX</ManufactureCountry>
      <ManufacturerItemDescription>ספיד סטיק ספריי</ManufacturerItemDescription>
      <UnitQty>מיליליטרים</UnitQty>
      <Quantity>140.00</Quantity>
      <bIsWeighted>0</bIsWeighted>
      <UnitOfMeasure>100 מ"ל</UnitOfMeasure>
      <QtyInPackage>1</QtyInPackage>
      <ItemPrice>21.90</ItemPrice>
      <UnitOfMeasurePrice>15.64</UnitOfMeasurePrice>
      <AllowDiscount>1</AllowDiscount>
      <ItemStatus>1</ItemStatus>
    </Item>
    <Item>
      <PriceUpdateDate>2019-02-15 05:39</PriceUpdateDate>
      <ItemCode>7290112330970</ItemCode>
      <ItemType>1</ItemType>
      <ItemName>שייק חלבון+פירות יער350מ</ItemName>
      <ManufacturerName>מחלבת יטבתה</ManufacturerName>
      <ManufactureCountry>IL</ManufactureCountry>
      <ManufacturerItemDescription>שייק חלבון</ManufacturerItemDescription>
      <UnitQty>מיליליטרים</UnitQty>
      <Quantity>350.00</Quantity>
      <bIsWeighted>0</bIsWeighted>
      <UnitOfMeasure>100 מ"ל</UnitOfMeasure>
      <QtyInPackage>1</QtyInPackage>
      <ItemPrice>7.90</ItemPrice>
      <UnitOfMeasurePrice>2.26</UnitOfMeasurePrice>
      <AllowDiscount>1</AllowDiscount>
      <ItemStatus>1</ItemStatus>
    </Item>
    <Item>
      <PriceUpdateDate>2019-01-25 05:36</PriceUpdateDate>
      <ItemCode>7290112331519</ItemCode>
      <ItemType>1</ItemType>
      <ItemName>פיתה קראנצ זעתר פרפ 60ג</ItemName>
      <ManufacturerName>שטראוס פריטו ליי בע"\מ )</ManufacturerName>
      <ManufactureCountry>IL</ManufactureCountry>
      <ManufacturerItemDescription>פיתה קראנצ זעתר</ManufacturerItemDescription>
      <UnitQty>גרמים</UnitQty>
      <Quantity>60.00</Quantity>
      <bIsWeighted>0</bIsWeighted>
      <UnitOfMeasure>100 גרם</UnitOfMeasure>
      <QtyInPackage>1</QtyInPackage>
      <ItemPrice>5.50</ItemPrice>
      <UnitOfMeasurePrice>9.17</UnitOfMeasurePrice>
      <AllowDiscount>1</AllowDiscount>
      <ItemStatus>1</ItemStatus>
    </Item>
    <Item>
      <PriceUpdateDate>2020-10-10 19:00</PriceUpdateDate>
      <ItemCode>7290112332691</ItemCode>
      <ItemType>1</ItemType>
      <ItemName>עוגיות ק.פסק זמן אגוז200</ItemName>
      <ManufacturerName>הגביע מוצרי וופלים בע"\מ</ManufacturerName>
      <ManufactureCountry>IL</ManufactureCountry>
      <ManufacturerItemDescription>עוגיות קרם</ManufacturerItemDescription>
      <UnitQty>גרמים</UnitQty>
      <Quantity>200.00</Quantity>
      <bIsWeighted>0</bIsWeighted>
      <UnitOfMeasure>100 גרם</UnitOfMeasure>
      <QtyInPackage>1</QtyInPackage>
      <ItemPrice>10.00</ItemPrice>
      <UnitOfMeasurePrice>5.00</UnitOfMeasurePrice>
      <AllowDiscount>1</AllowDiscount>
      <ItemStatus>1</ItemStatus>
    </Item>
    <Item>
      <PriceUpdateDate>2019-03-27 10:37</PriceUpdateDate>
      <ItemCode>7290112335043</ItemCode>
      <ItemType>1</ItemType>
      <ItemName>מרשמלו בזוקה 150 גרם</ItemName>
      <ManufacturerName>תות תעשיות מזון (2014) ב</ManufacturerName>
      <ManufactureCountry>IL</ManufactureCountry>
      <ManufacturerItemDescription>מרשמלו בזוקה</ManufacturerItemDescription>
      <UnitQty>גרמים</UnitQty>
      <Quantity>150.00</Quantity>
      <bIsWeighted>0</bIsWeighted>
      <UnitOfMeasure>100 גרם</UnitOfMeasure>
      <QtyInPackage>1</QtyInPackage>
      <ItemPrice>7.90</ItemPrice>
      <UnitOfMeasurePrice>5.27</UnitOfMeasurePrice>
      <AllowDiscount>1</AllowDiscount>
      <ItemStatus>1</ItemStatus>
    </Item>
    <Item>
      <PriceUpdateDate>2019-06-21 05:38</PriceUpdateDate>
      <ItemCode>7290112335494</ItemCode>
      <ItemType>1</ItemType>
      <ItemName>פריכיות טעימות פוטטוס135</ItemName>
      <ManufacturerName>פרח</ManufacturerName>
      <ManufactureCountry>IL</ManufactureCountry>
      <ManufacturerItemDescription>הפריכיות הטעימות</ManufacturerItemDescription>
      <UnitQty>גרמים</UnitQty>
      <Quantity>135.00</Quantity>
      <bIsWeighted>0</bIsWeighted>
      <UnitOfMeasure>100 גרם</UnitOfMeasure>
      <QtyInPackage>1</QtyInPackage>
      <ItemPrice>12.90</ItemPrice>
      <UnitOfMeasurePrice>9.56</UnitOfMeasurePrice>
      <AllowDiscount>1</AllowDiscount>
      <ItemStatus>1</ItemStatus>
    </Item>
    <Item>
      <PriceUpdateDate>2019-10-11 05:36</PriceUpdateDate>
      <ItemCode>7290112336651</ItemCode>
      <ItemType>1</ItemType>
      <ItemName>סוכריות מאסט ריבת חלב80ג</ItemName>
      <ManufacturerName>מיישקו</ManufacturerName>
      <ManufactureCountry>PL</ManufactureCountry>
      <ManufacturerItemDescription>סוכריות מאסט</ManufacturerItemDescription>
      <UnitQty>גרמים</UnitQty>
      <Quantity>80.00</Quantity>
      <bIsWeighted>0</bIsWeighted>
      <UnitOfMeasure>100 גרם</UnitOfMeasure>
      <QtyInPackage>1</QtyInPackage>
      <ItemPrice>8.90</ItemPrice>
      <UnitOfMeasurePrice>11.13</UnitOfMeasurePrice>
      <AllowDiscount>1</AllowDiscount>
      <ItemStatus>1</ItemStatus>
    </Item>
    <Item>
      <PriceUpdateDate>2019-03-22 05:42</PriceUpdateDate>
      <ItemCode>7290112336712</ItemCode>
      <ItemType>1</ItemType>
      <ItemName>דנונה פרו 21 חלבון0% 200</ItemName>
      <ManufacturerName>שטראוס גרופ בע"\מ</ManufacturerName>
      <ManufactureCountry>IL</ManufactureCountry>
      <ManufacturerItemDescription>דנונה פרו 21</ManufacturerItemDescription>
      <UnitQty>גרמים</UnitQty>
      <Quantity>200.00</Quantity>
      <bIsWeighted>0</bIsWeighted>
      <UnitOfMeasure>100 גרם</UnitOfMeasure>
      <QtyInPackage>1</QtyInPackage>
      <ItemPrice>6.20</ItemPrice>
      <UnitOfMeasurePrice>3.10</UnitOfMeasurePrice>
      <AllowDiscount>1</AllowDiscount>
      <ItemStatus>1</ItemStatus>
    </Item>
    <Item>
      <PriceUpdateDate>2019-10-11 05:36</PriceUpdateDate>
      <ItemCode>7290112337474</ItemCode>
      <ItemType>1</ItemType>
      <ItemName>סוכריות מאסט פטל לימון80</ItemName>
      <ManufacturerName>מיישקו</ManufacturerName>
      <ManufactureCountry>PL</ManufactureCountry>
      <ManufacturerItemDescription>סוכריות מאסט</ManufacturerItemDescription>
      <UnitQty>גרמים</UnitQty>
      <Quantity>80.00</Quantity>
      <bIsWeighted>0</bIsWeighted>
      <UnitOfMeasure>100 גרם</UnitOfMeasure>
      <QtyInPackage>1</QtyInPackage>
      <ItemPrice>8.90</ItemPrice>
      <UnitOfMeasurePrice>11.13</UnitOfMeasurePrice>
      <AllowDiscount>1</AllowDiscount>
      <ItemStatus>1</ItemStatus>
    </Item>
    <Item>
      <PriceUpdateDate>2019-06-07 05:39</PriceUpdateDate>
      <ItemCode>7290112340122</ItemCode>
      <ItemType>1</ItemType>
      <ItemName>פריכיות טעימות 3דגנים19-</ItemName>
      <ManufacturerName>פרח</ManufacturerName>
      <ManufactureCountry>IL</ManufactureCountry>
      <ManufacturerItemDescription>פריכיות טעימות</ManufacturerItemDescription>
      <UnitQty>גרמים</UnitQty>
      <Quantity>135.00</Quantity>
      <bIsWeighted>0</bIsWeighted>
      <UnitOfMeasure>100 גרם</UnitOfMeasure>
      <QtyInPackage>1</QtyInPackage>
      <ItemPrice>12.90</ItemPrice>
      <UnitOfMeasurePrice>9.56</UnitOfMeasurePrice>
      <AllowDiscount>1</AllowDiscount>
      <ItemStatus>1</ItemStatus>
    </Item>
    <Item>
      <PriceUpdateDate>2020-10-10 19:00</PriceUpdateDate>
      <ItemCode>7290112340276</ItemCode>
      <ItemType>1</ItemType>
      <ItemName>עוגיות קרם קפה נמס 200גר</ItemName>
      <ManufacturerName>הגביע מוצרי וופלים בע"\מ</ManufacturerName>
      <ManufactureCountry>IL</ManufactureCountry>
      <ManufacturerItemDescription>עוגיות קרם</ManufacturerItemDescription>
      <UnitQty>גרמים</UnitQty>
      <Quantity>200.00</Quantity>
      <bIsWeighted>0</bIsWeighted>
      <UnitOfMeasure>100 גרם</UnitOfMeasure>
      <QtyInPackage>1</QtyInPackage>
      <ItemPrice>10.00</ItemPrice>
      <UnitOfMeasurePrice>5.00</UnitOfMeasurePrice>
      <AllowDiscount>1</AllowDiscount>
      <ItemStatus>1</ItemStatus>
    </Item>
    <Item>
      <PriceUpdateDate>2019-11-17 12:17</PriceUpdateDate>
      <ItemCode>7290112341600</ItemCode>
      <ItemType>1</ItemType>
      <ItemName>ספלנדיד רובי+שברי לוז90ג</ItemName>
      <ManufacturerName>קימס</ManufacturerName>
      <ManufactureCountry>BE</ManufactureCountry>
      <ManufacturerItemDescription>ספלנדיד רובי</ManufacturerItemDescription>
      <UnitQty>גרמים</UnitQty>
      <Quantity>90.00</Quantity>
      <bIsWeighted>0</bIsWeighted>
      <UnitOfMeasure>100 גרם</UnitOfMeasure>
      <QtyInPackage>1</QtyInPackage>
      <ItemPrice>14.90</ItemPrice>
      <UnitOfMeasurePrice>16.56</UnitOfMeasurePrice>
      <AllowDiscount>1</AllowDiscount>
      <ItemStatus>1</ItemStatus>
    </Item>
    <Item>
      <PriceUpdateDate>2020-05-05 09:23</PriceUpdateDate>
      <ItemCode>7290112341631</ItemCode>
      <ItemType>1</ItemType>
      <ItemName>שוק.ספלנדיד מריר פרו90ג</ItemName>
      <ManufacturerName>קימס</ManufacturerName>
      <ManufactureCountry>BE</ManufactureCountry>
      <ManufacturerItemDescription>שוקולד ספלנדיד</ManufacturerItemDescription>
      <UnitQty>גרמים</UnitQty>
      <Quantity>90.00</Quantity>
      <bIsWeighted>0</bIsWeighted>
      <UnitOfMeasure>100 גרם</UnitOfMeasure>
      <QtyInPackage>1</QtyInPackage>
      <ItemPrice>9.90</ItemPrice>
      <UnitOfMeasurePrice>11.00</UnitOfMeasurePrice>
      <AllowDiscount>1</AllowDiscount>
      <ItemStatus>1</ItemStatus>
    </Item>
    <Item>
      <PriceUpdateDate>2020-10-10 19:00</PriceUpdateDate>
      <ItemCode>7290112346537</ItemCode>
      <ItemType>1</ItemType>
      <ItemName>עוגיות קרם טורטית 200גרם</ItemName>
      <ManufacturerName>הגביע מוצרי ופלים בע"\מ</ManufacturerName>
      <ManufactureCountry>IL</ManufactureCountry>
      <ManufacturerItemDescription>עוגיות פינוקיות</ManufacturerItemDescription>
      <UnitQty>גרמים</UnitQty>
      <Quantity>200.00</Quantity>
      <bIsWeighted>0</bIsWeighted>
      <UnitOfMeasure>100 גרם</UnitOfMeasure>
      <QtyInPackage>1</QtyInPackage>
      <ItemPrice>10.00</ItemPrice>
      <UnitOfMeasurePrice>5.00</UnitOfMeasurePrice>
      <AllowDiscount>1</AllowDiscount>
      <ItemStatus>1</ItemStatus>
    </Item>
    <Item>
      <PriceUpdateDate>2020-05-01 05:36</PriceUpdateDate>
      <ItemCode>7290112347602</ItemCode>
      <ItemType>1</ItemType>
      <ItemName>טורטית נשנושים 130 גרם</ItemName>
      <ManufacturerName>מקס ברנר תעשיות בע"\מ</ManufacturerName>
      <ManufactureCountry>IL</ManufactureCountry>
      <ManufacturerItemDescription>טורטית נשנושים</ManufacturerItemDescription>
      <UnitQty>גרמים</UnitQty>
      <Quantity>130.00</Quantity>
      <bIsWeighted>0</bIsWeighted>
      <UnitOfMeasure>100 גרם</UnitOfMeasure>
      <QtyInPackage>1</QtyInPackage>
      <ItemPrice>12.90</ItemPrice>
      <UnitOfMeasurePrice>9.92</UnitOfMeasurePrice>
      <AllowDiscount>1</AllowDiscount>
      <ItemStatus>1</ItemStatus>
    </Item>
    <Item>
      <PriceUpdateDate>2020-05-01 05:36</PriceUpdateDate>
      <ItemCode>7290112347619</ItemCode>
      <ItemType>1</ItemType>
      <ItemName>כיף כף נשנושים 130 גרם</ItemName>
      <ManufacturerName>מקס ברנר תעשיות בע"\מ</ManufacturerName>
      <ManufactureCountry>IL</ManufactureCountry>
      <ManufacturerItemDescription>כיף כף נשנושים</ManufacturerItemDescription>
      <UnitQty>גרמים</UnitQty>
      <Quantity>130.00</Quantity>
      <bIsWeighted>0</bIsWeighted>
      <UnitOfMeasure>100 גרם</UnitOfMeasure>
      <QtyInPackage>1</QtyInPackage>
      <ItemPrice>12.90</ItemPrice>
      <UnitOfMeasurePrice>9.92</UnitOfMeasurePrice>
      <AllowDiscount>1</AllowDiscount>
      <ItemStatus>1</ItemStatus>
    </Item>
    <Item>
      <PriceUpdateDate>2020-01-10 05:39</PriceUpdateDate>
      <ItemCode>7290112348548</ItemCode>
      <ItemType>1</ItemType>
      <ItemName>שוקולד פרה לבן 100 גרם</ItemName>
      <ManufacturerName>תופינית</ManufacturerName>
      <ManufactureCountry>IL</ManufactureCountry>
      <ManufacturerItemDescription>שוקולד פרה לבן</ManufacturerItemDescription>
      <UnitQty>גרמים</UnitQty>
      <Quantity>100.00</Quantity>
      <bIsWeighted>0</bIsWeighted>
      <UnitOfMeasure>100 גרם</UnitOfMeasure>
      <QtyInPackage>1</QtyInPackage>
      <ItemPrice>6.00</ItemPrice>
      <UnitOfMeasurePrice>6.00</UnitOfMeasurePrice>
      <AllowDiscount>1</AllowDiscount>
      <ItemStatus>1</ItemStatus>
    </Item>
    <Item>
      <PriceUpdateDate>2020-05-01 05:36</PriceUpdateDate>
      <ItemCode>7290112349279</ItemCode>
      <ItemType>1</ItemType>
      <ItemName>פסק זמן נשנושים 130 גרם</ItemName>
      <ManufacturerName>מקס ברנר תעשיות בע"\מ</ManufacturerName>
      <ManufactureCountry>IL</ManufactureCountry>
      <ManufacturerItemDescription>פסק זמן נשנושים</ManufacturerItemDescription>
      <UnitQty>גרמים</UnitQty>
      <Quantity>130.00</Quantity>
      <bIsWeighted>0</bIsWeighted>
      <UnitOfMeasure>100 גרם</UnitOfMeasure>
      <QtyInPackage>1</QtyInPackage>
      <ItemPrice>12.90</ItemPrice>
      <UnitOfMeasurePrice>9.92</UnitOfMeasurePrice>
      <AllowDiscount>1</AllowDiscount>
      <ItemStatus>1</ItemStatus>
    </Item>
    <Item>
      <PriceUpdateDate>2020-07-10 05:40</PriceUpdateDate>
      <ItemCode>7290112349538</ItemCode>
      <ItemType>1</ItemType>
      <ItemName>קפה עלית טורקי 160 גרם</ItemName>
      <ManufacturerName>שטראוס קפה בי.וי.</ManufacturerName>
      <ManufactureCountry>IL</ManufactureCountry>
      <ManufacturerItemDescription>קפה עלית טורקי</ManufacturerItemDescription>
      <UnitQty>גרמים</UnitQty>
      <Quantity>160.00</Quantity>
      <bIsWeighted>0</bIsWeighted>
      <UnitOfMeasure>100 גרם</UnitOfMeasure>
      <QtyInPackage>1</QtyInPackage>
      <ItemPrice>13.90</ItemPrice>
      <UnitOfMeasurePrice>8.69</UnitOfMeasurePrice>
      <AllowDiscount>1</AllowDiscount>
      <ItemStatus>1</ItemStatus>
    </Item>
    <Item>
      <PriceUpdateDate>2020-06-12 05:37</PriceUpdateDate>
      <ItemCode>7290112351098</ItemCode>
      <ItemType>1</ItemType>
      <ItemName>שוקולד חלב שברי אגוז100ג</ItemName>
      <ManufacturerName>שטראוס גרופ בע"\מ</ManufacturerName>
      <ManufactureCountry>IL</ManufactureCountry>
      <ManufacturerItemDescription>שוקולד פרה</ManufacturerItemDescription>
      <UnitQty>גרמים</UnitQty>
      <Quantity>100.00</Quantity>
      <bIsWeighted>0</bIsWeighted>
      <UnitOfMeasure>100 גרם</UnitOfMeasure>
      <QtyInPackage>1</QtyInPackage>
      <ItemPrice>6.60</ItemPrice>
      <UnitOfMeasurePrice>6.60</UnitOfMeasurePrice>
      <AllowDiscount>1</AllowDiscount>
      <ItemStatus>1</ItemStatus>
    </Item>
    <Item>
      <PriceUpdateDate>2020-05-15 05:36</PriceUpdateDate>
      <ItemCode>7290112351104</ItemCode>
      <ItemType>1</ItemType>
      <ItemName>שוק.פרה פצפוצי אורז 100ג</ItemName>
      <ManufacturerName>שטראוס גרופ בע"\מ</ManufacturerName>
      <ManufactureCountry>IL</ManufactureCountry>
      <ManufacturerItemDescription>שוקולד פרה</ManufacturerItemDescription>
      <UnitQty>גרמים</UnitQty>
      <Quantity>100.00</Quantity>
      <bIsWeighted>0</bIsWeighted>
      <UnitOfMeasure>100 גרם</UnitOfMeasure>
      <QtyInPackage>1</QtyInPackage>
      <ItemPrice>6.60</ItemPrice>
      <UnitOfMeasurePrice>6.60</UnitOfMeasurePrice>
      <AllowDiscount>1</AllowDiscount>
      <ItemStatus>1</ItemStatus>
    </Item>
    <Item>
      <PriceUpdateDate>2020-06-12 05:37</PriceUpdateDate>
      <ItemCode>7290112351722</ItemCode>
      <ItemType>1</ItemType>
      <ItemName>נשיקולדה+שברי אגוזים96ג</ItemName>
      <ManufacturerName>שטראוס גרופ בע"\מ</ManufacturerName>
      <ManufactureCountry>IL</ManufactureCountry>
      <ManufacturerItemDescription>נשיקולדה</ManufacturerItemDescription>
      <UnitQty>גרמים</UnitQty>
      <Quantity>96.00</Quantity>
      <bIsWeighted>0</bIsWeighted>
      <UnitOfMeasure>100 גרם</UnitOfMeasure>
      <QtyInPackage>1</QtyInPackage>
      <ItemPrice>6.50</ItemPrice>
      <UnitOfMeasurePrice>6.77</UnitOfMeasurePrice>
      <AllowDiscount>1</AllowDiscount>
      <ItemStatus>1</ItemStatus>
    </Item>
    <Item>
      <PriceUpdateDate>2020-06-12 05:37</PriceUpdateDate>
      <ItemCode>7290112351739</ItemCode>
      <ItemType>1</ItemType>
      <ItemName>נשיקולדה עם קרם נוגט100ג</ItemName>
      <ManufacturerName>שטראוס גרופ בע"\מ</ManufacturerName>
      <ManufactureCountry>IL</ManufactureCountry>
      <ManufacturerItemDescription>נשיקולדה</ManufacturerItemDescription>
      <UnitQty>גרמים</UnitQty>
      <Quantity>100.00</Quantity>
      <bIsWeighted>0</bIsWeighted>
      <UnitOfMeasure>100 גרם</UnitOfMeasure>
      <QtyInPackage>1</QtyInPackage>
      <ItemPrice>6.50</ItemPrice>
      <UnitOfMeasurePrice>6.50</UnitOfMeasurePrice>
      <AllowDiscount>1</AllowDiscount>
      <ItemStatus>1</ItemStatus>
    </Item>
    <Item>
      <PriceUpdateDate>2020-06-12 05:37</PriceUpdateDate>
      <ItemCode>7290112351746</ItemCode>
      <ItemType>1</ItemType>
      <ItemName>נשיקולדה שכבות לבן/חל100</ItemName>
      <ManufacturerName>שטראוס גרופ בע"\מ</ManufacturerName>
      <ManufactureCountry>IL</ManufactureCountry>
      <ManufacturerItemDescription>נשיקולדה</ManufacturerItemDescription>
      <UnitQty>גרמים</UnitQty>
      <Quantity>100.00</Quantity>
      <bIsWeighted>0</bIsWeighted>
      <UnitOfMeasure>100 גרם</UnitOfMeasure>
      <QtyInPackage>1</QtyInPackage>
      <ItemPrice>6.50</ItemPrice>
      <UnitOfMeasurePrice>6.50</UnitOfMeasurePrice>
      <AllowDiscount>1</AllowDiscount>
      <ItemStatus>1</ItemStatus>
    </Item>
    <Item>
      <PriceUpdateDate>2020-09-25 11:05</PriceUpdateDate>
      <ItemCode>7290112352057</ItemCode>
      <ItemType>1</ItemType>
      <ItemName>בונ.איחולים מתוקים137גרם</ItemName>
      <ManufacturerName>תופינית</ManufacturerName>
      <ManufactureCountry>IL</ManufactureCountry>
      <ManufacturerItemDescription>בונבונ.איחולים</ManufacturerItemDescription>
      <UnitQty>גרמים</UnitQty>
      <Quantity>137.00</Quantity>
      <bIsWeighted>0</bIsWeighted>
      <UnitOfMeasure>100 גרם</UnitOfMeasure>
      <QtyInPackage>1</QtyInPackage>
      <ItemPrice>23.90</ItemPrice>
      <UnitOfMeasurePrice>17.45</UnitOfMeasurePrice>
      <AllowDiscount>1</AllowDiscount>
      <ItemStatus>1</ItemStatus>
    </Item>
    <Item>
      <PriceUpdateDate>2020-10-13 11:50</PriceUpdateDate>
      <ItemCode>7290112358011</ItemCode>
      <ItemType>1</ItemType>
      <ItemName>מיני נשיקולדה אגוזים220ג</ItemName>
      <ManufacturerName>שטראוס גרופ בע"\מ</ManufacturerName>
      <ManufactureCountry>IL</ManufactureCountry>
      <ManufacturerItemDescription>מיני נשיקולדה</ManufacturerItemDescription>
      <UnitQty>גרמים</UnitQty>
      <Quantity>220.00</Quantity>
      <bIsWeighted>0</bIsWeighted>
      <UnitOfMeasure>100 גרם</UnitOfMeasure>
      <QtyInPackage>1</QtyInPackage>
      <ItemPrice>15.00</ItemPrice>
      <UnitOfMeasurePrice>6.82</UnitOfMeasurePrice>
      <AllowDiscount>1</AllowDiscount>
      <ItemStatus>1</ItemStatus>
    </Item>
    <Item>
      <PriceUpdateDate>2020-10-13 11:50</PriceUpdateDate>
      <ItemCode>7290112358028</ItemCode>
      <ItemType>1</ItemType>
      <ItemName>מיני נשיקולדה ק.נוגט220ג</ItemName>
      <ManufacturerName>שטראוס גרופ בע"\מ</ManufacturerName>
      <ManufactureCountry>IL</ManufactureCountry>
      <ManufacturerItemDescription>מיני נשיקולדה</ManufacturerItemDescription>
      <UnitQty>גרמים</UnitQty>
      <Quantity>220.00</Quantity>
      <bIsWeighted>0</bIsWeighted>
      <UnitOfMeasure>100 גרם</UnitOfMeasure>
      <QtyInPackage>1</QtyInPackage>
      <ItemPrice>15.00</ItemPrice>
      <UnitOfMeasurePrice>6.82</UnitOfMeasurePrice>
      <AllowDiscount>1</AllowDiscount>
      <ItemStatus>1</ItemStatus>
    </Item>
    <Item>
      <PriceUpdateDate>2020-08-07 05:38</PriceUpdateDate>
      <ItemCode>7290112358219</ItemCode>
      <ItemType>1</ItemType>
      <ItemName>רוטב צילי מתוק 300 גרם</ItemName>
      <ManufacturerName>ב.א. מזון בע"\מ</ManufacturerName>
      <ManufactureCountry>IL</ManufactureCountry>
      <ManufacturerItemDescription>רוטב צ'ילי מתוק</ManufacturerItemDescription>
      <UnitQty>גרמים</UnitQty>
      <Quantity>300.00</Quantity>
      <bIsWeighted>0</bIsWeighted>
      <UnitOfMeasure>100 גרם</UnitOfMeasure>
      <QtyInPackage>1</QtyInPackage>
      <ItemPrice>16.60</ItemPrice>
      <UnitOfMeasurePrice>5.53</UnitOfMeasurePrice>
      <AllowDiscount>1</AllowDiscount>
      <ItemStatus>1</ItemStatus>
    </Item>
    <Item>
      <PriceUpdateDate>2018-08-24 05:36</PriceUpdateDate>
      <ItemCode>7290112490230</ItemCode>
      <ItemType>1</ItemType>
      <ItemName>נמס בכוס אפונה ר. טבעיים</ItemName>
      <ManufacturerName>יוניליוור ישראל מזון בעמ</ManufacturerName>
      <ManufactureCountry>IL</ManufactureCountry>
      <ManufacturerItemDescription>מרק נמס בכוס</ManufacturerItemDescription>
      <UnitQty>גרמים</UnitQty>
      <Quantity>50.00</Quantity>
      <bIsWeighted>0</bIsWeighted>
      <UnitOfMeasure>100 גרם</UnitOfMeasure>
      <QtyInPackage>1</QtyInPackage>
      <ItemPrice>7.80</ItemPrice>
      <UnitOfMeasurePrice>15.60</UnitOfMeasurePrice>
      <AllowDiscount>1</AllowDiscount>
      <ItemStatus>1</ItemStatus>
    </Item>
    <Item>
      <PriceUpdateDate>2018-10-26 05:37</PriceUpdateDate>
      <ItemCode>7290112490735</ItemCode>
      <ItemType>1</ItemType>
      <ItemName>מרק עשיר עגבנ.ר.טבעים105</ItemName>
      <ManufacturerName>יוניליוור ישראל מזון בעמ</ManufacturerName>
      <ManufactureCountry>IL</ManufactureCountry>
      <ManufacturerItemDescription>מרק עשיר עגבניות</ManufacturerItemDescription>
      <UnitQty>גרמים</UnitQty>
      <Quantity>105.00</Quantity>
      <bIsWeighted>0</bIsWeighted>
      <UnitOfMeasure>100 גרם</UnitOfMeasure>
      <QtyInPackage>1</QtyInPackage>
      <ItemPrice>12.50</ItemPrice>
      <UnitOfMeasurePrice>11.90</UnitOfMeasurePrice>
      <AllowDiscount>1</AllowDiscount>
      <ItemStatus>1</ItemStatus>
    </Item>
    <Item>
      <PriceUpdateDate>2019-09-20 05:38</PriceUpdateDate>
      <ItemCode>7290112491831</ItemCode>
      <ItemType>1</ItemType>
      <ItemName>שוגי ללא גלוטן 375 גרם</ItemName>
      <ManufacturerName>יוניליוור</ManufacturerName>
      <ManufactureCountry>IT</ManufactureCountry>
      <ManufacturerItemDescription>שוגי ללא גלוטן</ManufacturerItemDescription>
      <UnitQty>גרמים</UnitQty>
      <Quantity>375.00</Quantity>
      <bIsWeighted>0</bIsWeighted>
      <UnitOfMeasure>100 גרם</UnitOfMeasure>
      <QtyInPackage>1</QtyInPackage>
      <ItemPrice>23.90</ItemPrice>
      <UnitOfMeasurePrice>6.37</UnitOfMeasurePrice>
      <AllowDiscount>1</AllowDiscount>
      <ItemStatus>1</ItemStatus>
    </Item>
    <Item>
      <PriceUpdateDate>2019-06-14 05:38</PriceUpdateDate>
      <ItemCode>7290112492203</ItemCode>
      <ItemType>1</ItemType>
      <ItemName>פריכיות פתית תירס+ציה25</ItemName>
      <ManufacturerName>גוד פוד פרודקטס</ManufacturerName>
      <ManufactureCountry>PL</ManufactureCountry>
      <ManufacturerItemDescription>פריכיות פתית</ManufacturerItemDescription>
      <UnitQty>גרמים</UnitQty>
      <Quantity>25.00</Quantity>
      <bIsWeighted>0</bIsWeighted>
      <UnitOfMeasure>100 גרם</UnitOfMeasure>
      <QtyInPackage>1</QtyInPackage>
      <ItemPrice>4.50</ItemPrice>
      <UnitOfMeasurePrice>18.00</UnitOfMeasurePrice>
      <AllowDiscount>1</AllowDiscount>
      <ItemStatus>1</ItemStatus>
    </Item>
    <Item>
      <PriceUpdateDate>2019-06-14 05:38</PriceUpdateDate>
      <ItemCode>7290112492210</ItemCode>
      <ItemType>1</ItemType>
      <ItemName>פריכיות פתית קינואה 25 ג</ItemName>
      <ManufacturerName>גוד פוד פרודקטס</ManufacturerName>
      <ManufactureCountry>PL</ManufactureCountry>
      <ManufacturerItemDescription>פרכיות פתית</ManufacturerItemDescription>
      <UnitQty>גרמים</UnitQty>
      <Quantity>25.00</Quantity>
      <bIsWeighted>0</bIsWeighted>
      <UnitOfMeasure>100 גרם</UnitOfMeasure>
      <QtyInPackage>1</QtyInPackage>
      <ItemPrice>4.50</ItemPrice>
      <UnitOfMeasurePrice>18.00</UnitOfMeasurePrice>
      <AllowDiscount>1</AllowDiscount>
      <ItemStatus>1</ItemStatus>
    </Item>
    <Item>
      <PriceUpdateDate>2019-06-14 05:38</PriceUpdateDate>
      <ItemCode>7290112492258</ItemCode>
      <ItemType>1</ItemType>
      <ItemName>פריכיות פתית תירס דקות25</ItemName>
      <ManufacturerName>גוד פוד פרודקטס</ManufacturerName>
      <ManufactureCountry>PL</ManufactureCountry>
      <ManufacturerItemDescription>פריכיות פתית</ManufacturerItemDescription>
      <UnitQty>גרמים</UnitQty>
      <Quantity>25.00</Quantity>
      <bIsWeighted>0</bIsWeighted>
      <UnitOfMeasure>100 גרם</UnitOfMeasure>
      <QtyInPackage>1</QtyInPackage>
      <ItemPrice>4.50</ItemPrice>
      <UnitOfMeasurePrice>18.00</UnitOfMeasurePrice>
      <AllowDiscount>1</AllowDiscount>
      <ItemStatus>1</ItemStatus>
    </Item>
    <Item>
      <PriceUpdateDate>2020-04-24 05:36</PriceUpdateDate>
      <ItemCode>7290112492449</ItemCode>
      <ItemType>1</ItemType>
      <ItemName>שמפו לשיער רגיל700מ</ItemName>
      <ManufacturerName>יוניליוור ישראל טיפוח אי</ManufacturerName>
      <ManufactureCountry>IL</ManufactureCountry>
      <ManufacturerItemDescription>שמפו לשיער רגיל</ManufacturerItemDescription>
      <UnitQty>מיליליטרים</UnitQty>
      <Quantity>700.00</Quantity>
      <bIsWeighted>0</bIsWeighted>
      <UnitOfMeasure>100 מ"ל</UnitOfMeasure>
      <QtyInPackage>1</QtyInPackage>
      <ItemPrice>12.90</ItemPrice>
      <UnitOfMeasurePrice>1.84</UnitOfMeasurePrice>
      <AllowDiscount>1</AllowDiscount>
      <ItemStatus>1</ItemStatus>
    </Item>
    <Item>
      <PriceUpdateDate>2020-04-24 05:36</PriceUpdateDate>
      <ItemCode>7290112492456</ItemCode>
      <ItemType>1</ItemType>
      <ItemName>שמפו לשיער יבש700מ</ItemName>
      <ManufacturerName>יוניליוור ישראל טיפוח אי</ManufacturerName>
      <ManufactureCountry>IL</ManufactureCountry>
      <ManufacturerItemDescription>שמפו לשיער יבש</ManufacturerItemDescription>
      <UnitQty>מיליליטרים</UnitQty>
      <Quantity>700.00</Quantity>
      <bIsWeighted>0</bIsWeighted>
      <UnitOfMeasure>100 מ"ל</UnitOfMeasure>
      <QtyInPackage>1</QtyInPackage>
      <ItemPrice>12.90</ItemPrice>
      <UnitOfMeasurePrice>1.84</UnitOfMeasurePrice>
      <AllowDiscount>1</AllowDiscount>
      <ItemStatus>1</ItemStatus>
    </Item>
    <Item>
      <PriceUpdateDate>2020-04-12 05:33</PriceUpdateDate>
      <ItemCode>7290112492463</ItemCode>
      <ItemType>1</ItemType>
      <ItemName>פינוק שמפו+מרכך 700מ"ל</ItemName>
      <ManufacturerName>יוניליוור</ManufacturerName>
      <ManufactureCountry>IL</ManufactureCountry>
      <ManufacturerItemDescription>פינוק שמפו+מרכך</ManufacturerItemDescription>
      <UnitQty>מיליליטרים</UnitQty>
      <Quantity>700.00</Quantity>
      <bIsWeighted>0</bIsWeighted>
      <UnitOfMeasure>100 מ"ל</UnitOfMeasure>
      <QtyInPackage>0</QtyInPackage>
      <ItemPrice>12.90</ItemPrice>
      <UnitOfMeasurePrice>1.84</UnitOfMeasurePrice>
      <AllowDiscount>1</AllowDiscount>
      <ItemStatus>1</ItemStatus>
    </Item>
    <Item>
      <PriceUpdateDate>2020-04-24 05:36</PriceUpdateDate>
      <ItemCode>7290112492500</ItemCode>
      <ItemType>1</ItemType>
      <ItemName>פינוק שמפו שמן קוקוס700מ</ItemName>
      <ManufacturerName>יוניליוור</ManufacturerName>
      <ManufactureCountry>IL</ManufactureCountry>
      <ManufacturerItemDescription>שמפו פינוק</ManufacturerItemDescription>
      <UnitQty>מיליליטרים</UnitQty>
      <Quantity>700.00</Quantity>
      <bIsWeighted>0</bIsWeighted>
      <UnitOfMeasure>100 מ"ל</UnitOfMeasure>
      <QtyInPackage>1</QtyInPackage>
      <ItemPrice>12.90</ItemPrice>
      <UnitOfMeasurePrice>1.84</UnitOfMeasurePrice>
      <AllowDiscount>1</AllowDiscount>
      <ItemStatus>1</ItemStatus>
    </Item>
    <Item>
      <PriceUpdateDate>2020-04-24 05:36</PriceUpdateDate>
      <ItemCode>7290112492531</ItemCode>
      <ItemType>1</ItemType>
      <ItemName>מרכך פינוק רגיל 700 מ"ל</ItemName>
      <ManufacturerName>יוניליוור</ManufacturerName>
      <ManufactureCountry>IL</ManufactureCountry>
      <ManufacturerItemDescription>מרכך לשיער רגיל</ManufacturerItemDescription>
      <UnitQty>מיליליטרים</UnitQty>
      <Quantity>700.00</Quantity>
      <bIsWeighted>0</bIsWeighted>
      <UnitOfMeasure>100 מ"ל</UnitOfMeasure>
      <QtyInPackage>1</QtyInPackage>
      <ItemPrice>12.90</ItemPrice>
      <UnitOfMeasurePrice>1.84</UnitOfMeasurePrice>
      <AllowDiscount>1</AllowDiscount>
      <ItemStatus>1</ItemStatus>
    </Item>
    <Item>
      <PriceUpdateDate>2020-04-24 05:36</PriceUpdateDate>
      <ItemCode>7290112492593</ItemCode>
      <ItemType>1</ItemType>
      <ItemName>תח.רחצה פינוק קלאסי700מ</ItemName>
      <ManufacturerName>יוניליוור ישראל טיפוח אי</ManufacturerName>
      <ManufactureCountry>IL</ManufactureCountry>
      <ManufacturerItemDescription>תחליב רחצה פינוק</ManufacturerItemDescription>
      <UnitQty>מיליליטרים</UnitQty>
      <Quantity>500.00</Quantity>
      <bIsWeighted>0</bIsWeighted>
      <UnitOfMeasure>100 מ"ל</UnitOfMeasure>
      <QtyInPackage>1</QtyInPackage>
      <ItemPrice>12.90</ItemPrice>
      <UnitOfMeasurePrice>2.58</UnitOfMeasurePrice>
      <AllowDiscount>1</AllowDiscount>
      <ItemStatus>1</ItemStatus>
    </Item>
    <Item>
      <PriceUpdateDate>2020-04-24 05:36</PriceUpdateDate>
      <ItemCode>7290112492609</ItemCode>
      <ItemType>1</ItemType>
      <ItemName>תח.פינוק לבנדר וניל 700מ</ItemName>
      <ManufacturerName>יוניליוור ישראל טיפוח אי</ManufacturerName>
      <ManufactureCountry>IL</ManufactureCountry>
      <ManufacturerItemDescription>תחליב רחצה פינוק</ManufacturerItemDescription>
      <UnitQty>מיליליטרים</UnitQty>
      <Quantity>700.00</Quantity>
      <bIsWeighted>0</bIsWeighted>
      <UnitOfMeasure>100 מ"ל</UnitOfMeasure>
      <QtyInPackage>1</QtyInPackage>
      <ItemPrice>12.90</ItemPrice>
      <UnitOfMeasurePrice>1.84</UnitOfMeasurePrice>
      <AllowDiscount>1</AllowDiscount>
      <ItemStatus>1</ItemStatus>
    </Item>
    <Item>
      <PriceUpdateDate>2020-02-14 05:36</PriceUpdateDate>
      <ItemCode>7290112492616</ItemCode>
      <ItemType>1</ItemType>
      <ItemName>תחליב פינוק שמן מרוקא700</ItemName>
      <ManufacturerName>יוניליוור ישראל טיפוח אי</ManufacturerName>
      <ManufactureCountry>IL</ManufactureCountry>
      <ManufacturerItemDescription>תחליב רחצה פינוק</ManufacturerItemDescription>
      <UnitQty>מיליליטרים</UnitQty>
      <Quantity>700.00</Quantity>
      <bIsWeighted>0</bIsWeighted>
      <UnitOfMeasure>100 מ"ל</UnitOfMeasure>
      <QtyInPackage>1</QtyInPackage>
      <ItemPrice>12.90</ItemPrice>
      <UnitOfMeasurePrice>1.84</UnitOfMeasurePrice>
      <AllowDiscount>1</AllowDiscount>
      <ItemStatus>1</ItemStatus>
    </Item>
    <Item>
      <PriceUpdateDate>2019-11-22 05:39</PriceUpdateDate>
      <ItemCode>7290112493033</ItemCode>
      <ItemType>1</ItemType>
      <ItemName>נמס בכוס אקסטרה ירקות35ג</ItemName>
      <ManufacturerName>יוניליוור ישראל מזון בע\</ManufacturerName>
      <ManufactureCountry>IL</ManufactureCountry>
      <ManufacturerItemDescription>נמס בכוס ירקות</ManufacturerItemDescription>
      <UnitQty>גרמים</UnitQty>
      <Quantity>35.00</Quantity>
      <bIsWeighted>0</bIsWeighted>
      <UnitOfMeasure>100 גרם</UnitOfMeasure>
      <QtyInPackage>1</QtyInPackage>
      <ItemPrice>4.90</ItemPrice>
      <UnitOfMeasurePrice>14.00</UnitOfMeasurePrice>
      <AllowDiscount>1</AllowDiscount>
      <ItemStatus>1</ItemStatus>
    </Item>
    <Item>
      <PriceUpdateDate>2019-08-16 05:34</PriceUpdateDate>
      <ItemCode>7290112493293</ItemCode>
      <ItemType>1</ItemType>
      <ItemName>נמס בכוס ירקות ר.טבעי44ג</ItemName>
      <ManufacturerName>יוניליוור ישראל מזון בעמ</ManufacturerName>
      <ManufactureCountry>IL</ManufactureCountry>
      <ManufacturerItemDescription>נמס בכוס</ManufacturerItemDescription>
      <UnitQty>גרמים</UnitQty>
      <Quantity>44.00</Quantity>
      <bIsWeighted>0</bIsWeighted>
      <UnitOfMeasure>100 גרם</UnitOfMeasure>
      <QtyInPackage>1</QtyInPackage>
      <ItemPrice>7.80</ItemPrice>
      <UnitOfMeasurePrice>17.73</UnitOfMeasurePrice>
      <AllowDiscount>1</AllowDiscount>
      <ItemStatus>1</ItemStatus>
    </Item>
    <Item>
      <PriceUpdateDate>2020-01-10 05:39</PriceUpdateDate>
      <ItemCode>7290112493873</ItemCode>
      <ItemType>1</ItemType>
      <ItemName>דג דג חטיף אפוי מלוח400ג</ItemName>
      <ManufacturerName>בייגל את בייגל מזון 198)</ManufacturerName>
      <ManufactureCountry>IL</ManufactureCountry>
      <ManufacturerItemDescription>דג דג חטיף אפוי</ManufacturerItemDescription>
      <UnitQty>גרמים</UnitQty>
      <Quantity>400.00</Quantity>
      <bIsWeighted>0</bIsWeighted>
      <UnitOfMeasure>100 גרם</UnitOfMeasure>
      <QtyInPackage>1</QtyInPackage>
      <ItemPrice>15.00</ItemPrice>
      <UnitOfMeasurePrice>3.75</UnitOfMeasurePrice>
      <AllowDiscount>1</AllowDiscount>
      <ItemStatus>1</ItemStatus>
    </Item>
    <Item>
      <PriceUpdateDate>2020-01-20 01:21</PriceUpdateDate>
      <ItemCode>7290112493927</ItemCode>
      <ItemType>1</ItemType>
      <ItemName>קרמיסימו ריבת חלב 1.33 ל</ItemName>
      <ManufacturerName>גלידת שטראוס בע"\מ</ManufacturerName>
      <ManufactureCountry>IL</ManufactureCountry>
      <ManufacturerItemDescription>קרמיסימו ריבת חל</ManufacturerItemDescription>
      <UnitQty>ליטרים</UnitQty>
      <Quantity>1.33</Quantity>
      <bIsWeighted>0</bIsWeighted>
      <UnitOfMeasure>ליטר</UnitOfMeasure>
      <QtyInPackage>1</QtyInPackage>
      <ItemPrice>21.90</ItemPrice>
      <UnitOfMeasurePrice>16.47</UnitOfMeasurePrice>
      <AllowDiscount>1</AllowDiscount>
      <ItemStatus>1</ItemStatus>
    </Item>
    <Item>
      <PriceUpdateDate>2020-01-20 01:21</PriceUpdateDate>
      <ItemCode>7290112493934</ItemCode>
      <ItemType>1</ItemType>
      <ItemName>קרמיסימו וניל צרפתי 1.33</ItemName>
      <ManufacturerName>גלידת שטראוס בע"\מ</ManufacturerName>
      <ManufactureCountry>IL</ManufactureCountry>
      <ManufacturerItemDescription>קרמיסימו וניל צר</ManufacturerItemDescription>
      <UnitQty>ליטרים</UnitQty>
      <Quantity>1.33</Quantity>
      <bIsWeighted>0</bIsWeighted>
      <UnitOfMeasure>ליטר</UnitOfMeasure>
      <QtyInPackage>1</QtyInPackage>
      <ItemPrice>21.90</ItemPrice>
      <UnitOfMeasurePrice>16.47</UnitOfMeasurePrice>
      <AllowDiscount>1</AllowDiscount>
      <ItemStatus>1</ItemStatus>
    </Item>
    <Item>
      <PriceUpdateDate>2020-01-20 01:21</PriceUpdateDate>
      <ItemCode>7290112493965</ItemCode>
      <ItemType>1</ItemType>
      <ItemName>קרמיסימו מסטיגם 1.33 ליט</ItemName>
      <ManufacturerName>גלידת שטראוס בע"\מ</ManufacturerName>
      <ManufactureCountry>IL</ManufactureCountry>
      <ManufacturerItemDescription>קרמיסימו מסטיגם</ManufacturerItemDescription>
      <UnitQty>ליטרים</UnitQty>
      <Quantity>1.33</Quantity>
      <bIsWeighted>0</bIsWeighted>
      <UnitOfMeasure>ליטר</UnitOfMeasure>
      <QtyInPackage>1</QtyInPackage>
      <ItemPrice>21.90</ItemPrice>
      <UnitOfMeasurePrice>16.47</UnitOfMeasurePrice>
      <AllowDiscount>1</AllowDiscount>
      <ItemStatus>1</ItemStatus>
    </Item>
    <Item>
      <PriceUpdateDate>2019-12-13 05:41</PriceUpdateDate>
      <ItemCode>7290112494221</ItemCode>
      <ItemType>1</ItemType>
      <ItemName>קליק ביסקוויט 65 גרם</ItemName>
      <ManufacturerName>יוניליוור ישראל מזון בע\</ManufacturerName>
      <ManufactureCountry>IL</ManufactureCountry>
      <ManufacturerItemDescription>קליק ביסקוויט</ManufacturerItemDescription>
      <UnitQty>גרמים</UnitQty>
      <Quantity>65.00</Quantity>
      <bIsWeighted>0</bIsWeighted>
      <UnitOfMeasure>100 גרם</UnitOfMeasure>
      <QtyInPackage>1</QtyInPackage>
      <ItemPrice>6.40</ItemPrice>
      <UnitOfMeasurePrice>9.85</UnitOfMeasurePrice>
      <AllowDiscount>1</AllowDiscount>
      <ItemStatus>1</ItemStatus>
    </Item>
    <Item>
      <PriceUpdateDate>2019-12-13 05:41</PriceUpdateDate>
      <ItemCode>7290112494238</ItemCode>
      <ItemType>1</ItemType>
      <ItemName>קליק כדורים 65 גרם</ItemName>
      <ManufacturerName>יוניליוור ישראל מזון בע\</ManufacturerName>
      <ManufactureCountry>IL</ManufactureCountry>
      <ManufacturerItemDescription>קליק כדורים</ManufacturerItemDescription>
      <UnitQty>גרמים</UnitQty>
      <Quantity>65.00</Quantity>
      <bIsWeighted>0</bIsWeighted>
      <UnitOfMeasure>100 גרם</UnitOfMeasure>
      <QtyInPackage>1</QtyInPackage>
      <ItemPrice>6.40</ItemPrice>
      <UnitOfMeasurePrice>9.85</UnitOfMeasurePrice>
      <AllowDiscount>1</AllowDiscount>
      <ItemStatus>1</ItemStatus>
    </Item>
    <Item>
      <PriceUpdateDate>2019-12-13 05:41</PriceUpdateDate>
      <ItemCode>7290112494276</ItemCode>
      <ItemType>1</ItemType>
      <ItemName>קליק כריות 65 גרם</ItemName>
      <ManufacturerName>יוניליוור ישראל מזון בע\</ManufacturerName>
      <ManufactureCountry>IL</ManufactureCountry>
      <ManufacturerItemDescription>קליק כריות</ManufacturerItemDescription>
      <UnitQty>גרמים</UnitQty>
      <Quantity>65.00</Quantity>
      <bIsWeighted>0</bIsWeighted>
      <UnitOfMeasure>100 גרם</UnitOfMeasure>
      <QtyInPackage>1</QtyInPackage>
      <ItemPrice>6.40</ItemPrice>
      <UnitOfMeasurePrice>9.85</UnitOfMeasurePrice>
      <AllowDiscount>1</AllowDiscount>
      <ItemStatus>1</ItemStatus>
    </Item>
    <Item>
      <PriceUpdateDate>2019-12-13 05:41</PriceUpdateDate>
      <ItemCode>7290112494283</ItemCode>
      <ItemType>1</ItemType>
      <ItemName>קליק חום לבן 65 גרם</ItemName>
      <ManufacturerName>יוניליוור ישראל מזון בע\</ManufacturerName>
      <ManufactureCountry>IL</ManufactureCountry>
      <ManufacturerItemDescription>קליק חום לבן</ManufacturerItemDescription>
      <UnitQty>גרמים</UnitQty>
      <Quantity>65.00</Quantity>
      <bIsWeighted>0</bIsWeighted>
      <UnitOfMeasure>100 גרם</UnitOfMeasure>
      <QtyInPackage>1</QtyInPackage>
      <ItemPrice>6.40</ItemPrice>
      <UnitOfMeasurePrice>9.85</UnitOfMeasurePrice>
      <AllowDiscount>1</AllowDiscount>
      <ItemStatus>1</ItemStatus>
    </Item>
    <Item>
      <PriceUpdateDate>2019-12-13 05:41</PriceUpdateDate>
      <ItemCode>7290112494290</ItemCode>
      <ItemType>1</ItemType>
      <ItemName>קליק עוגי 65 גרם</ItemName>
      <ManufacturerName>יוניליוור ישראל מזון בע\</ManufacturerName>
      <ManufactureCountry>IL</ManufactureCountry>
      <ManufacturerItemDescription>קליק עוגי</ManufacturerItemDescription>
      <UnitQty>גרמים</UnitQty>
      <Quantity>65.00</Quantity>
      <bIsWeighted>0</bIsWeighted>
      <UnitOfMeasure>100 גרם</UnitOfMeasure>
      <QtyInPackage>1</QtyInPackage>
      <ItemPrice>6.40</ItemPrice>
      <UnitOfMeasurePrice>9.85</UnitOfMeasurePrice>
      <AllowDiscount>1</AllowDiscount>
      <ItemStatus>1</ItemStatus>
    </Item>
    <Item>
      <PriceUpdateDate>2019-12-13 05:41</PriceUpdateDate>
      <ItemCode>7290112494313</ItemCode>
      <ItemType>1</ItemType>
      <ItemName>קליק קורנפלקס 65 גרם</ItemName>
      <ManufacturerName>יוניליוור ישראל מזון בע\</ManufacturerName>
      <ManufactureCountry>IL</ManufactureCountry>
      <ManufacturerItemDescription>קליק קורנפלקס</ManufacturerItemDescription>
      <UnitQty>גרמים</UnitQty>
      <Quantity>65.00</Quantity>
      <bIsWeighted>0</bIsWeighted>
      <UnitOfMeasure>100 גרם</UnitOfMeasure>
      <QtyInPackage>1</QtyInPackage>
      <ItemPrice>6.40</ItemPrice>
      <UnitOfMeasurePrice>9.85</UnitOfMeasurePrice>
      <AllowDiscount>1</AllowDiscount>
      <ItemStatus>1</ItemStatus>
    </Item>
    <Item>
      <PriceUpdateDate>2020-02-14 05:36</PriceUpdateDate>
      <ItemCode>7290112494344</ItemCode>
      <ItemType>1</ItemType>
      <ItemName>קורנפלקס של אלופים 850 ג</ItemName>
      <ManufacturerName>יוניליור שפע ישראל בע"\מ</ManufacturerName>
      <ManufactureCountry>IL</ManufactureCountry>
      <ManufacturerItemDescription>קורנפלקס אלופים</ManufacturerItemDescription>
      <UnitQty>גרמים</UnitQty>
      <Quantity>850.00</Quantity>
      <bIsWeighted>0</bIsWeighted>
      <UnitOfMeasure>100 גרם</UnitOfMeasure>
      <QtyInPackage>1</QtyInPackage>
      <ItemPrice>18.70</ItemPrice>
      <UnitOfMeasurePrice>2.20</UnitOfMeasurePrice>
      <AllowDiscount>1</AllowDiscount>
      <ItemStatus>1</ItemStatus>
    </Item>
    <Item>
      <PriceUpdateDate>2019-12-08 11:02</PriceUpdateDate>
      <ItemCode>7290112494993</ItemCode>
      <ItemType>1</ItemType>
      <ItemName>כריות וניל 686 גרם</ItemName>
      <ManufacturerName>יוניליוור שפע ישראל בע"\</ManufacturerName>
      <ManufactureCountry>IL</ManufactureCountry>
      <ManufacturerItemDescription>כריות וניל</ManufacturerItemDescription>
      <UnitQty>גרמים</UnitQty>
      <Quantity>686.00</Quantity>
      <bIsWeighted>0</bIsWeighted>
      <UnitOfMeasure>100 גרם</UnitOfMeasure>
      <QtyInPackage>1</QtyInPackage>
      <ItemPrice>28.90</ItemPrice>
      <UnitOfMeasurePrice>4.21</UnitOfMeasurePrice>
      <AllowDiscount>1</AllowDiscount>
      <ItemStatus>1</ItemStatus>
    </Item>
    <Item>
      <PriceUpdateDate>2019-12-08 11:02</PriceUpdateDate>
      <ItemCode>7290112495013</ItemCode>
      <ItemType>1</ItemType>
      <ItemName>כריות נוגט פחות סוכר686ג</ItemName>
      <ManufacturerName>יוניליוור שפע ישראל בעמ</ManufacturerName>
      <ManufactureCountry>IL</ManufactureCountry>
      <ManufacturerItemDescription>כריות נוגט</ManufacturerItemDescription>
      <UnitQty>גרמים</UnitQty>
      <Quantity>686.00</Quantity>
      <bIsWeighted>0</bIsWeighted>
      <UnitOfMeasure>100 גרם</UnitOfMeasure>
      <QtyInPackage>1</QtyInPackage>
      <ItemPrice>27.90</ItemPrice>
      <UnitOfMeasurePrice>4.07</UnitOfMeasurePrice>
      <AllowDiscount>1</AllowDiscount>
      <ItemStatus>1</ItemStatus>
    </Item>
    <Item>
      <PriceUpdateDate>2019-12-13 05:41</PriceUpdateDate>
      <ItemCode>7290112495105</ItemCode>
      <ItemType>1</ItemType>
      <ItemName>נשנושים ט.שמנת+בצל260ג</ItemName>
      <ManufacturerName>בייגל את בייגל מזון 198)</ManufacturerName>
      <ManufactureCountry>IL</ManufactureCountry>
      <ManufacturerItemDescription>נשנושים שמנת בצל</ManufacturerItemDescription>
      <UnitQty>גרמים</UnitQty>
      <Quantity>260.00</Quantity>
      <bIsWeighted>0</bIsWeighted>
      <UnitOfMeasure>100 גרם</UnitOfMeasure>
      <QtyInPackage>1</QtyInPackage>
      <ItemPrice>13.90</ItemPrice>
      <UnitOfMeasurePrice>5.35</UnitOfMeasurePrice>
      <AllowDiscount>1</AllowDiscount>
      <ItemStatus>1</ItemStatus>
    </Item>
    <Item>
      <PriceUpdateDate>2019-12-13 05:41</PriceUpdateDate>
      <ItemCode>7290112495112</ItemCode>
      <ItemType>1</ItemType>
      <ItemName>נשנושים זעתר 260 גרם</ItemName>
      <ManufacturerName>בייגל את בייגל מזון 198)</ManufacturerName>
      <ManufactureCountry>IL</ManufactureCountry>
      <ManufacturerItemDescription>נשנושים זעתר</ManufacturerItemDescription>
      <UnitQty>גרמים</UnitQty>
      <Quantity>260.00</Quantity>
      <bIsWeighted>0</bIsWeighted>
      <UnitOfMeasure>100 גרם</UnitOfMeasure>
      <QtyInPackage>1</QtyInPackage>
      <ItemPrice>13.90</ItemPrice>
      <UnitOfMeasurePrice>5.35</UnitOfMeasurePrice>
      <AllowDiscount>1</AllowDiscount>
      <ItemStatus>1</ItemStatus>
    </Item>
    <Item>
      <PriceUpdateDate>2019-12-13 05:41</PriceUpdateDate>
      <ItemCode>7290112495150</ItemCode>
      <ItemType>1</ItemType>
      <ItemName>נשנושי קרקר מלוח 300 גרם</ItemName>
      <ManufacturerName>בייגל את בייגל מזון 198)</ManufacturerName>
      <ManufactureCountry>IL</ManufactureCountry>
      <ManufacturerItemDescription>נשנושי קרקר</ManufacturerItemDescription>
      <UnitQty>גרמים</UnitQty>
      <Quantity>300.00</Quantity>
      <bIsWeighted>0</bIsWeighted>
      <UnitOfMeasure>100 גרם</UnitOfMeasure>
      <QtyInPackage>1</QtyInPackage>
      <ItemPrice>14.50</ItemPrice>
      <UnitOfMeasurePrice>4.83</UnitOfMeasurePrice>
      <AllowDiscount>1</AllowDiscount>
      <ItemStatus>1</ItemStatus>
    </Item>
    <Item>
      <PriceUpdateDate>2019-12-13 05:41</PriceUpdateDate>
      <ItemCode>7290112495167</ItemCode>
      <ItemType>1</ItemType>
      <ItemName>נשנושי קרקר שומשום300ג</ItemName>
      <ManufacturerName>בייגל את בייגל מזון 198)</ManufacturerName>
      <ManufactureCountry>IL</ManufactureCountry>
      <ManufacturerItemDescription>נשנושי קרקר משול</ManufacturerItemDescription>
      <UnitQty>גרמים</UnitQty>
      <Quantity>300.00</Quantity>
      <bIsWeighted>0</bIsWeighted>
      <UnitOfMeasure>100 גרם</UnitOfMeasure>
      <QtyInPackage>1</QtyInPackage>
      <ItemPrice>14.50</ItemPrice>
      <UnitOfMeasurePrice>4.83</UnitOfMeasurePrice>
      <AllowDiscount>1</AllowDiscount>
      <ItemStatus>1</ItemStatus>
    </Item>
    <Item>
      <PriceUpdateDate>2019-09-20 05:38</PriceUpdateDate>
      <ItemCode>7290112495433</ItemCode>
      <ItemType>1</ItemType>
      <ItemName>דליפקאן 400 גרם</ItemName>
      <ManufacturerName>יוניליור שפע ישראל בע"\מ</ManufacturerName>
      <ManufactureCountry>IL</ManufactureCountry>
      <ManufacturerItemDescription>דליפקאן</ManufacturerItemDescription>
      <UnitQty>גרמים</UnitQty>
      <Quantity>400.00</Quantity>
      <bIsWeighted>0</bIsWeighted>
      <UnitOfMeasure>100 גרם</UnitOfMeasure>
      <QtyInPackage>1</QtyInPackage>
      <ItemPrice>22.70</ItemPrice>
      <UnitOfMeasurePrice>5.68</UnitOfMeasurePrice>
      <AllowDiscount>1</AllowDiscount>
      <ItemStatus>1</ItemStatus>
    </Item>
    <Item>
      <PriceUpdateDate>2020-02-14 05:36</PriceUpdateDate>
      <ItemCode>7290112495662</ItemCode>
      <ItemType>1</ItemType>
      <ItemName>קרקר חיטה מלאה+פשתן300ג</ItemName>
      <ManufacturerName>מיוצר ע"\י קוד יצרן AF</ManufacturerName>
      <ManufactureCountry>IL</ManufactureCountry>
      <ManufacturerItemDescription>קרקר חיטה מלאה</ManufacturerItemDescription>
      <UnitQty>גרמים</UnitQty>
      <Quantity>300.00</Quantity>
      <bIsWeighted>0</bIsWeighted>
      <UnitOfMeasure>100 גרם</UnitOfMeasure>
      <QtyInPackage>1</QtyInPackage>
      <ItemPrice>10.90</ItemPrice>
      <UnitOfMeasurePrice>3.63</UnitOfMeasurePrice>
      <AllowDiscount>1</AllowDiscount>
      <ItemStatus>1</ItemStatus>
    </Item>
    <Item>
      <PriceUpdateDate>2020-02-14 05:36</PriceUpdateDate>
      <ItemCode>7290112495761</ItemCode>
      <ItemType>1</ItemType>
      <ItemName>רוטב אלף האיים לייט305ג</ItemName>
      <ManufacturerName>יוניליוור ישראל מזון בעמ</ManufacturerName>
      <ManufactureCountry>IL</ManufactureCountry>
      <ManufacturerItemDescription>רוטב אלף האיים</ManufacturerItemDescription>
      <UnitQty>גרמים</UnitQty>
      <Quantity>305.00</Quantity>
      <bIsWeighted>0</bIsWeighted>
      <UnitOfMeasure>100 גרם</UnitOfMeasure>
      <QtyInPackage>1</QtyInPackage>
      <ItemPrice>12.80</ItemPrice>
      <UnitOfMeasurePrice>4.20</UnitOfMeasurePrice>
      <AllowDiscount>1</AllowDiscount>
      <ItemStatus>1</ItemStatus>
    </Item>
    <Item>
      <PriceUpdateDate>2020-07-10 05:40</PriceUpdateDate>
      <ItemCode>7290112496584</ItemCode>
      <ItemType>1</ItemType>
      <ItemName>קליק כריות בלאק לבן65גרם</ItemName>
      <ManufacturerName>דרך השוקולד ,1 צפת 13404</ManufacturerName>
      <ManufactureCountry>IL</ManufactureCountry>
      <ManufacturerItemDescription>קליק כריות בלאק</ManufacturerItemDescription>
      <UnitQty>גרמים</UnitQty>
      <Quantity>65.00</Quantity>
      <bIsWeighted>0</bIsWeighted>
      <UnitOfMeasure>100 גרם</UnitOfMeasure>
      <QtyInPackage>1</QtyInPackage>
      <ItemPrice>6.40</ItemPrice>
      <UnitOfMeasurePrice>9.85</UnitOfMeasurePrice>
      <AllowDiscount>1</AllowDiscount>
      <ItemStatus>1</ItemStatus>
    </Item>
    <Item>
      <PriceUpdateDate>2020-07-10 05:40</PriceUpdateDate>
      <ItemCode>7290112496591</ItemCode>
      <ItemType>1</ItemType>
      <ItemName>קליק כריות בלאק חלב 65גר</ItemName>
      <ManufacturerName>דרך השוקולד ,1 צפת 13404</ManufacturerName>
      <ManufactureCountry>IL</ManufactureCountry>
      <ManufacturerItemDescription>קליק כריות בלאק</ManufacturerItemDescription>
      <UnitQty>גרמים</UnitQty>
      <Quantity>65.00</Quantity>
      <bIsWeighted>0</bIsWeighted>
      <UnitOfMeasure>100 גרם</UnitOfMeasure>
      <QtyInPackage>1</QtyInPackage>
      <ItemPrice>6.40</ItemPrice>
      <UnitOfMeasurePrice>9.85</UnitOfMeasurePrice>
      <AllowDiscount>1</AllowDiscount>
      <ItemStatus>1</ItemStatus>
    </Item>
    <Item>
      <PriceUpdateDate>2020-08-03 01:09</PriceUpdateDate>
      <ItemCode>7290112498649</ItemCode>
      <ItemType>1</ItemType>
      <ItemName>גלידת פסק זמן קוקוס 520</ItemName>
      <ManufacturerName>מיוצר ע"\י גלידת שטראוס</ManufacturerName>
      <ManufactureCountry>IL</ManufactureCountry>
      <ManufacturerItemDescription>גלידת פסק זמן</ManufacturerItemDescription>
      <UnitQty>מיליליטרים</UnitQty>
      <Quantity>520.00</Quantity>
      <bIsWeighted>0</bIsWeighted>
      <UnitOfMeasure>100 מ"ל</UnitOfMeasure>
      <QtyInPackage>1</QtyInPackage>
      <ItemPrice>22.90</ItemPrice>
      <UnitOfMeasurePrice>4.40</UnitOfMeasurePrice>
      <AllowDiscount>1</AllowDiscount>
      <ItemStatus>1</ItemStatus>
    </Item>
    <Item>
      <PriceUpdateDate>2020-04-21 11:54</PriceUpdateDate>
      <ItemCode>7290112499639</ItemCode>
      <ItemType>1</ItemType>
      <ItemName>טילון סופר מגנום ונילשוק</ItemName>
      <ManufacturerName>גלידת שטראוס בע"\מ, רח'\</ManufacturerName>
      <ManufactureCountry>IL</ManufactureCountry>
      <ManufacturerItemDescription>טילון סופר מגנום</ManufacturerItemDescription>
      <UnitQty>יחידה</UnitQty>
      <Quantity>1.00</Quantity>
      <bIsWeighted>0</bIsWeighted>
      <UnitOfMeasure>יחידה</UnitOfMeasure>
      <QtyInPackage>1</QtyInPackage>
      <ItemPrice>11.00</ItemPrice>
      <UnitOfMeasurePrice>11.00</UnitOfMeasurePrice>
      <AllowDiscount>1</AllowDiscount>
      <ItemStatus>1</ItemStatus>
    </Item>
    <Item>
      <PriceUpdateDate>2020-04-27 00:57</PriceUpdateDate>
      <ItemCode>7290112499646</ItemCode>
      <ItemType>1</ItemType>
      <ItemName>קורנטו סופר פקאן</ItemName>
      <ManufacturerName>גלידת שטראוס בע"\מ, רח'\</ManufacturerName>
      <ManufactureCountry>IL</ManufactureCountry>
      <ManufacturerItemDescription>קורנטו סופר פקא</ManufacturerItemDescription>
      <UnitQty>יחידה</UnitQty>
      <Quantity>1.00</Quantity>
      <bIsWeighted>0</bIsWeighted>
      <UnitOfMeasure>יחידה</UnitOfMeasure>
      <QtyInPackage>1</QtyInPackage>
      <ItemPrice>11.00</ItemPrice>
      <UnitOfMeasurePrice>11.00</UnitOfMeasurePrice>
      <AllowDiscount>1</AllowDiscount>
      <ItemStatus>1</ItemStatus>
    </Item>
    <Item>
      <PriceUpdateDate>2020-01-13 00:57</PriceUpdateDate>
      <ItemCode>7290112499677</ItemCode>
      <ItemType>1</ItemType>
      <ItemName>מגנום שוקולד לבן 85 גרם</ItemName>
      <ManufacturerName>גלידת שטראוס בע"\מ, רח'\</ManufacturerName>
      <ManufactureCountry>IL</ManufactureCountry>
      <ManufacturerItemDescription>מגנום שוקולדלבן</ManufacturerItemDescription>
      <UnitQty>יחידה</UnitQty>
      <Quantity>1.00</Quantity>
      <bIsWeighted>0</bIsWeighted>
      <UnitOfMeasure>יחידה</UnitOfMeasure>
      <QtyInPackage>1</QtyInPackage>
      <ItemPrice>11.00</ItemPrice>
      <UnitOfMeasurePrice>11.00</UnitOfMeasurePrice>
      <AllowDiscount>1</AllowDiscount>
      <ItemStatus>1</ItemStatus>
    </Item>
    <Item>
      <PriceUpdateDate>2020-01-13 00:57</PriceUpdateDate>
      <ItemCode>7290112499691</ItemCode>
      <ItemType>1</ItemType>
      <ItemName>מאגדת מיני מגנום לבן+שקד</ItemName>
      <ManufacturerName>גלידת שטראוס בע"\מ רח'\</ManufacturerName>
      <ManufactureCountry>IL</ManufactureCountry>
      <ManufacturerItemDescription>מאגדת מיני מגנו</ManufacturerItemDescription>
      <UnitQty>גרמים</UnitQty>
      <Quantity>250.00</Quantity>
      <bIsWeighted>0</bIsWeighted>
      <UnitOfMeasure>100 גרם</UnitOfMeasure>
      <QtyInPackage>1</QtyInPackage>
      <ItemPrice>29.90</ItemPrice>
      <UnitOfMeasurePrice>11.96</UnitOfMeasurePrice>
      <AllowDiscount>1</AllowDiscount>
      <ItemStatus>1</ItemStatus>
    </Item>
    <Item>
      <PriceUpdateDate>2020-02-05 10:17</PriceUpdateDate>
      <ItemCode>7290112499707</ItemCode>
      <ItemType>1</ItemType>
      <ItemName>סולרו בר 72 גרם</ItemName>
      <ManufacturerName>שטראוס</ManufacturerName>
      <ManufactureCountry>IL</ManufactureCountry>
      <ManufacturerItemDescription>סולרו בר</ManufacturerItemDescription>
      <UnitQty>גרמים</UnitQty>
      <Quantity>72.00</Quantity>
      <bIsWeighted>0</bIsWeighted>
      <UnitOfMeasure>100 גרם</UnitOfMeasure>
      <QtyInPackage>1</QtyInPackage>
      <ItemPrice>10.00</ItemPrice>
      <UnitOfMeasurePrice>13.89</UnitOfMeasurePrice>
      <AllowDiscount>1</AllowDiscount>
      <ItemStatus>1</ItemStatus>
    </Item>
    <Item>
      <PriceUpdateDate>2020-02-17 01:06</PriceUpdateDate>
      <ItemCode>7290112499745</ItemCode>
      <ItemType>1</ItemType>
      <ItemName>מגנום קרמל מלוח אגוזי י</ItemName>
      <ManufacturerName>גלידת שטראוס בע"\מ, רח'\</ManufacturerName>
      <ManufactureCountry>IL</ManufactureCountry>
      <ManufacturerItemDescription>מגנום קרמל מלוח</ManufacturerItemDescription>
      <UnitQty>יחידה</UnitQty>
      <Quantity>1.00</Quantity>
      <bIsWeighted>0</bIsWeighted>
      <UnitOfMeasure>יחידה</UnitOfMeasure>
      <QtyInPackage>1</QtyInPackage>
      <ItemPrice>11.00</ItemPrice>
      <UnitOfMeasurePrice>11.00</UnitOfMeasurePrice>
      <AllowDiscount>1</AllowDiscount>
      <ItemStatus>1</ItemStatus>
    </Item>
    <Item>
      <PriceUpdateDate>2020-03-16 00:57</PriceUpdateDate>
      <ItemCode>7290112499769</ItemCode>
      <ItemType>1</ItemType>
      <ItemName>קרמיסימו גלידונית אייס ק</ItemName>
      <ManufacturerName>גלידת שטראוס בע"\מ, רח'\</ManufacturerName>
      <ManufactureCountry>IL</ManufactureCountry>
      <ManufacturerItemDescription>גלידונית אייס קפ</ManufacturerItemDescription>
      <UnitQty>גרמים</UnitQty>
      <Quantity>630.00</Quantity>
      <bIsWeighted>0</bIsWeighted>
      <UnitOfMeasure>100 גרם</UnitOfMeasure>
      <QtyInPackage>1</QtyInPackage>
      <ItemPrice>49.90</ItemPrice>
      <UnitOfMeasurePrice>7.92</UnitOfMeasurePrice>
      <AllowDiscount>1</AllowDiscount>
      <ItemStatus>1</ItemStatus>
    </Item>
    <Item>
      <PriceUpdateDate>2020-04-27 00:57</PriceUpdateDate>
      <ItemCode>7290112499813</ItemCode>
      <ItemType>1</ItemType>
      <ItemName>אסקימו אבטיח 75 גרם</ItemName>
      <ManufacturerName>גלידת שטראוס בע"\מ, רח'\</ManufacturerName>
      <ManufactureCountry>IL</ManufactureCountry>
      <ManufacturerItemDescription>אסקימו אבטיח</ManufacturerItemDescription>
      <UnitQty>יחידה</UnitQty>
      <Quantity>1.00</Quantity>
      <bIsWeighted>0</bIsWeighted>
      <UnitOfMeasure>יחידה</UnitOfMeasure>
      <QtyInPackage>1</QtyInPackage>
      <ItemPrice>3.00</ItemPrice>
      <UnitOfMeasurePrice>3.00</UnitOfMeasurePrice>
      <AllowDiscount>1</AllowDiscount>
      <ItemStatus>1</ItemStatus>
    </Item>
    <Item>
      <PriceUpdateDate>2020-04-27 00:57</PriceUpdateDate>
      <ItemCode>7290112499820</ItemCode>
      <ItemType>1</ItemType>
      <ItemName>שלגון פסק זמן לבן 74 גרם</ItemName>
      <ManufacturerName>שטראוס</ManufacturerName>
      <ManufactureCountry>IL</ManufactureCountry>
      <ManufacturerItemDescription>שלגון פסק זמן לב</ManufacturerItemDescription>
      <UnitQty>יחידה</UnitQty>
      <Quantity>1.00</Quantity>
      <bIsWeighted>0</bIsWeighted>
      <UnitOfMeasure>יחידה</UnitOfMeasure>
      <QtyInPackage>1</QtyInPackage>
      <ItemPrice>11.00</ItemPrice>
      <UnitOfMeasurePrice>11.00</UnitOfMeasurePrice>
      <AllowDiscount>1</AllowDiscount>
      <ItemStatus>1</ItemStatus>
    </Item>
    <Item>
      <PriceUpdateDate>2020-02-17 01:06</PriceUpdateDate>
      <ItemCode>7290112499837</ItemCode>
      <ItemType>1</ItemType>
      <ItemName>מגנום דואט שוקולד נוגט י</ItemName>
      <ManufacturerName>גלידות שטראוס בע"\מ, רח\</ManufacturerName>
      <ManufactureCountry>IL</ManufactureCountry>
      <ManufacturerItemDescription>מגנום דואט שוקול</ManufacturerItemDescription>
      <UnitQty>יחידה</UnitQty>
      <Quantity>1.00</Quantity>
      <bIsWeighted>0</bIsWeighted>
      <UnitOfMeasure>יחידה</UnitOfMeasure>
      <QtyInPackage>1</QtyInPackage>
      <ItemPrice>11.00</ItemPrice>
      <UnitOfMeasurePrice>11.00</UnitOfMeasurePrice>
      <AllowDiscount>1</AllowDiscount>
      <ItemStatus>1</ItemStatus>
    </Item>
    <Item>
      <PriceUpdateDate>2020-01-13 00:57</PriceUpdateDate>
      <ItemCode>7290112499844</ItemCode>
      <ItemType>1</ItemType>
      <ItemName>מאגדת מיני מגנום דואט יח</ItemName>
      <ManufacturerName>גלידת שטראוס בע"\מ, רח'\</ManufacturerName>
      <ManufactureCountry>IL</ManufactureCountry>
      <ManufacturerItemDescription>מאגדת מגנום מיני</ManufacturerItemDescription>
      <UnitQty>גרמים</UnitQty>
      <Quantity>310.00</Quantity>
      <bIsWeighted>0</bIsWeighted>
      <UnitOfMeasure>100 גרם</UnitOfMeasure>
      <QtyInPackage>1</QtyInPackage>
      <ItemPrice>29.90</ItemPrice>
      <UnitOfMeasurePrice>9.65</UnitOfMeasurePrice>
      <AllowDiscount>1</AllowDiscount>
      <ItemStatus>1</ItemStatus>
    </Item>
    <Item>
      <PriceUpdateDate>2020-07-13 01:15</PriceUpdateDate>
      <ItemCode>7290112499851</ItemCode>
      <ItemType>1</ItemType>
      <ItemName>מגנום בטעם בראוניז 57 גר</ItemName>
      <ManufacturerName>גלידת שטראוס בע"\מ, רח'\</ManufacturerName>
      <ManufactureCountry>IL</ManufactureCountry>
      <ManufacturerItemDescription>מגנום בטעם</ManufacturerItemDescription>
      <UnitQty>יחידה</UnitQty>
      <Quantity>1.00</Quantity>
      <bIsWeighted>0</bIsWeighted>
      <UnitOfMeasure>יחידה</UnitOfMeasure>
      <QtyInPackage>1</QtyInPackage>
      <ItemPrice>11.00</ItemPrice>
      <UnitOfMeasurePrice>11.00</UnitOfMeasurePrice>
      <AllowDiscount>1</AllowDiscount>
      <ItemStatus>1</ItemStatus>
    </Item>
    <Item>
      <PriceUpdateDate>2020-02-05 10:17</PriceUpdateDate>
      <ItemCode>7290112499875</ItemCode>
      <ItemType>1</ItemType>
      <ItemName>שלגון פרוזן 2 70 גרם</ItemName>
      <ManufacturerName>גלידת שטראוס בע"\מ, רח'\</ManufacturerName>
      <ManufactureCountry>IL</ManufactureCountry>
      <ManufacturerItemDescription>שלגון פרוזן 2</ManufacturerItemDescription>
      <UnitQty>גרמים</UnitQty>
      <Quantity>70.00</Quantity>
      <bIsWeighted>0</bIsWeighted>
      <UnitOfMeasure>100 גרם</UnitOfMeasure>
      <QtyInPackage>1</QtyInPackage>
      <ItemPrice>10.00</ItemPrice>
      <UnitOfMeasurePrice>14.29</UnitOfMeasurePrice>
      <AllowDiscount>1</AllowDiscount>
      <ItemStatus>1</ItemStatus>
    </Item>
    <Item>
      <PriceUpdateDate>2020-02-17 01:06</PriceUpdateDate>
      <ItemCode>7290112499929</ItemCode>
      <ItemType>1</ItemType>
      <ItemName>מגנום שוקולד יחידה</ItemName>
      <ManufacturerName>גלידת שטראוס בע"\מ, רח'\</ManufacturerName>
      <ManufactureCountry>IL</ManufactureCountry>
      <ManufacturerItemDescription>מגנום שוקולד</ManufacturerItemDescription>
      <UnitQty>יחידה</UnitQty>
      <Quantity>1.00</Quantity>
      <bIsWeighted>0</bIsWeighted>
      <UnitOfMeasure>יחידה</UnitOfMeasure>
      <QtyInPackage>1</QtyInPackage>
      <ItemPrice>11.00</ItemPrice>
      <UnitOfMeasurePrice>11.00</UnitOfMeasurePrice>
      <AllowDiscount>1</AllowDiscount>
      <ItemStatus>1</ItemStatus>
    </Item>
    <Item>
      <PriceUpdateDate>2020-02-17 01:06</PriceUpdateDate>
      <ItemCode>7290112499936</ItemCode>
      <ItemType>1</ItemType>
      <ItemName>מגנום שקדים יחידה</ItemName>
      <ManufacturerName>גלידת שטראוס בע"\מ, רח'\</ManufacturerName>
      <ManufactureCountry>IL</ManufactureCountry>
      <ManufacturerItemDescription>מגנום שקדים</ManufacturerItemDescription>
      <UnitQty>יחידה</UnitQty>
      <Quantity>1.00</Quantity>
      <bIsWeighted>0</bIsWeighted>
      <UnitOfMeasure>יחידה</UnitOfMeasure>
      <QtyInPackage>1</QtyInPackage>
      <ItemPrice>11.00</ItemPrice>
      <UnitOfMeasurePrice>11.00</UnitOfMeasurePrice>
      <AllowDiscount>1</AllowDiscount>
      <ItemStatus>1</ItemStatus>
    </Item>
    <Item>
      <PriceUpdateDate>2020-01-13 00:57</PriceUpdateDate>
      <ItemCode>7290112499943</ItemCode>
      <ItemType>1</ItemType>
      <ItemName>מאגדת מיני מגנום קלאסיק</ItemName>
      <ManufacturerName>גלידות שטראוס בע"\מ, רח\</ManufacturerName>
      <ManufactureCountry>IL</ManufactureCountry>
      <ManufacturerItemDescription>מאגדת מיני מגנום</ManufacturerItemDescription>
      <UnitQty>גרמים</UnitQty>
      <Quantity>250.00</Quantity>
      <bIsWeighted>0</bIsWeighted>
      <UnitOfMeasure>100 גרם</UnitOfMeasure>
      <QtyInPackage>1</QtyInPackage>
      <ItemPrice>29.90</ItemPrice>
      <UnitOfMeasurePrice>11.96</UnitOfMeasurePrice>
      <AllowDiscount>1</AllowDiscount>
      <ItemStatus>1</ItemStatus>
    </Item>
    <Item>
      <PriceUpdateDate>2020-02-17 01:06</PriceUpdateDate>
      <ItemCode>7290112499967</ItemCode>
      <ItemType>1</ItemType>
      <ItemName>טורטית כשר לפסח</ItemName>
      <ManufacturerName>גלידת שטראוס בעמ, רח'\ ה</ManufacturerName>
      <ManufactureCountry>IL</ManufactureCountry>
      <ManufacturerItemDescription>טורטית כשר לפסח</ManufacturerItemDescription>
      <UnitQty>יחידה</UnitQty>
      <Quantity>1.00</Quantity>
      <bIsWeighted>0</bIsWeighted>
      <UnitOfMeasure>יחידה</UnitOfMeasure>
      <QtyInPackage>1</QtyInPackage>
      <ItemPrice>11.00</ItemPrice>
      <UnitOfMeasurePrice>11.00</UnitOfMeasurePrice>
      <AllowDiscount>1</AllowDiscount>
      <ItemStatus>1</ItemStatus>
    </Item>
    <Item>
      <PriceUpdateDate>2019-03-11 01:06</PriceUpdateDate>
      <ItemCode>7290112962003</ItemCode>
      <ItemType>1</ItemType>
      <ItemName>קראנץ וניל עוגיות 90 גרם</ItemName>
      <ManufacturerName>גלידות נסטלה )נגה גלידות</ManufacturerName>
      <ManufactureCountry>IL</ManufactureCountry>
      <ManufacturerItemDescription>קראנץ וניל עוגיו</ManufacturerItemDescription>
      <UnitQty>גרמים</UnitQty>
      <Quantity>90.00</Quantity>
      <bIsWeighted>0</bIsWeighted>
      <UnitOfMeasure>100 גרם</UnitOfMeasure>
      <QtyInPackage>1</QtyInPackage>
      <ItemPrice>10.00</ItemPrice>
      <UnitOfMeasurePrice>11.11</UnitOfMeasurePrice>
      <AllowDiscount>1</AllowDiscount>
      <ItemStatus>1</ItemStatus>
    </Item>
    <Item>
      <PriceUpdateDate>2019-07-11 22:49</PriceUpdateDate>
      <ItemCode>7290112963895</ItemCode>
      <ItemType>1</ItemType>
      <ItemName>קרקר דק כפרי פיטנס 150גר</ItemName>
      <ManufacturerName>אסם</ManufacturerName>
      <ManufactureCountry>IL</ManufactureCountry>
      <ManufacturerItemDescription>קרקר דק פיטנס</ManufacturerItemDescription>
      <UnitQty>גרמים</UnitQty>
      <Quantity>150.00</Quantity>
      <bIsWeighted>0</bIsWeighted>
      <UnitOfMeasure>100 גרם</UnitOfMeasure>
      <QtyInPackage>1</QtyInPackage>
      <ItemPrice>13.90</ItemPrice>
      <UnitOfMeasurePrice>9.27</UnitOfMeasurePrice>
      <AllowDiscount>1</AllowDiscount>
      <ItemStatus>1</ItemStatus>
    </Item>
    <Item>
      <PriceUpdateDate>2019-07-11 22:49</PriceUpdateDate>
      <ItemCode>7290112963918</ItemCode>
      <ItemType>1</ItemType>
      <ItemName>קרקר דק רוזמרין פיטנס140</ItemName>
      <ManufacturerName>אסם</ManufacturerName>
      <ManufactureCountry>IL</ManufactureCountry>
      <ManufacturerItemDescription>קרקר דק פיטנס</ManufacturerItemDescription>
      <UnitQty>גרמים</UnitQty>
      <Quantity>140.00</Quantity>
      <bIsWeighted>0</bIsWeighted>
      <UnitOfMeasure>100 גרם</UnitOfMeasure>
      <QtyInPackage>1</QtyInPackage>
      <ItemPrice>13.90</ItemPrice>
      <UnitOfMeasurePrice>9.93</UnitOfMeasurePrice>
      <AllowDiscount>1</AllowDiscount>
      <ItemStatus>1</ItemStatus>
    </Item>
    <Item>
      <PriceUpdateDate>2019-07-11 22:49</PriceUpdateDate>
      <ItemCode>7290112964212</ItemCode>
      <ItemType>1</ItemType>
      <ItemName>קונכיות פתיתים קלאסי 400</ItemName>
      <ManufacturerName>Tic Ve San Gida Oz Kemal</ManufacturerName>
      <ManufactureCountry>TR</ManufactureCountry>
      <ManufacturerItemDescription>קונכיות פתיתים</ManufacturerItemDescription>
      <UnitQty>גרמים</UnitQty>
      <Quantity>400.00</Quantity>
      <bIsWeighted>0</bIsWeighted>
      <UnitOfMeasure>100 גרם</UnitOfMeasure>
      <QtyInPackage>1</QtyInPackage>
      <ItemPrice>8.90</ItemPrice>
      <UnitOfMeasurePrice>2.23</UnitOfMeasurePrice>
      <AllowDiscount>1</AllowDiscount>
      <ItemStatus>1</ItemStatus>
    </Item>
    <Item>
      <PriceUpdateDate>2019-08-08 23:06</PriceUpdateDate>
      <ItemCode>7290112964458</ItemCode>
      <ItemType>1</ItemType>
      <ItemName>רוטב ויניגרט 295 גרם</ItemName>
      <ManufacturerName>אסם</ManufacturerName>
      <ManufactureCountry>IL</ManufactureCountry>
      <ManufacturerItemDescription>רוטב ויניגרט</ManufacturerItemDescription>
      <UnitQty>גרמים</UnitQty>
      <Quantity>295.00</Quantity>
      <bIsWeighted>0</bIsWeighted>
      <UnitOfMeasure>100 גרם</UnitOfMeasure>
      <QtyInPackage>1</QtyInPackage>
      <ItemPrice>12.10</ItemPrice>
      <UnitOfMeasurePrice>4.10</UnitOfMeasurePrice>
      <AllowDiscount>1</AllowDiscount>
      <ItemStatus>1</ItemStatus>
    </Item>
    <Item>
      <PriceUpdateDate>2019-08-23 05:33</PriceUpdateDate>
      <ItemCode>7290112964564</ItemCode>
      <ItemType>1</ItemType>
      <ItemName>רוטב אלף האיים לייט295ג</ItemName>
      <ManufacturerName>אסם</ManufacturerName>
      <ManufactureCountry>IL</ManufactureCountry>
      <ManufacturerItemDescription>רוטב אלף האיים</ManufacturerItemDescription>
      <UnitQty>גרמים</UnitQty>
      <Quantity>295.00</Quantity>
      <bIsWeighted>0</bIsWeighted>
      <UnitOfMeasure>100 גרם</UnitOfMeasure>
      <QtyInPackage>1</QtyInPackage>
      <ItemPrice>12.10</ItemPrice>
      <UnitOfMeasurePrice>4.10</UnitOfMeasurePrice>
      <AllowDiscount>1</AllowDiscount>
      <ItemStatus>1</ItemStatus>
    </Item>
    <Item>
      <PriceUpdateDate>2019-08-16 05:34</PriceUpdateDate>
      <ItemCode>7290112965165</ItemCode>
      <ItemType>1</ItemType>
      <ItemName>מרק נמס פטריות 2 * 24גרם</ItemName>
      <ManufacturerName>אסם</ManufacturerName>
      <ManufactureCountry>IL</ManufactureCountry>
      <ManufacturerItemDescription>זוג מרק נמס</ManufacturerItemDescription>
      <UnitQty>גרמים</UnitQty>
      <Quantity>48.00</Quantity>
      <bIsWeighted>0</bIsWeighted>
      <UnitOfMeasure>100 גרם</UnitOfMeasure>
      <QtyInPackage>1</QtyInPackage>
      <ItemPrice>6.50</ItemPrice>
      <UnitOfMeasurePrice>13.54</UnitOfMeasurePrice>
      <AllowDiscount>1</AllowDiscount>
      <ItemStatus>1</ItemStatus>
    </Item>
    <Item>
      <PriceUpdateDate>2019-08-16 05:34</PriceUpdateDate>
      <ItemCode>7290112965301</ItemCode>
      <ItemType>1</ItemType>
      <ItemName>מרק נמס טעם עוף 26*2גרם</ItemName>
      <ManufacturerName>אסם</ManufacturerName>
      <ManufactureCountry>IL</ManufactureCountry>
      <ManufacturerItemDescription>זוג מרק נמס</ManufacturerItemDescription>
      <UnitQty>גרמים</UnitQty>
      <Quantity>52.00</Quantity>
      <bIsWeighted>0</bIsWeighted>
      <UnitOfMeasure>100 גרם</UnitOfMeasure>
      <QtyInPackage>1</QtyInPackage>
      <ItemPrice>6.50</ItemPrice>
      <UnitOfMeasurePrice>12.50</UnitOfMeasurePrice>
      <AllowDiscount>1</AllowDiscount>
      <ItemStatus>1</ItemStatus>
    </Item>
    <Item>
      <PriceUpdateDate>2020-01-10 05:39</PriceUpdateDate>
      <ItemCode>7290112965424</ItemCode>
      <ItemType>1</ItemType>
      <ItemName>ויטמי.ענבים פחות סוכר500</ItemName>
      <ManufacturerName>עסיס תעשיות מזון</ManufacturerName>
      <ManufactureCountry>IL</ManufactureCountry>
      <ManufacturerItemDescription>ויטמינצ'יק ענבים</ManufacturerItemDescription>
      <UnitQty>מיליליטרים</UnitQty>
      <Quantity>500.00</Quantity>
      <bIsWeighted>0</bIsWeighted>
      <UnitOfMeasure>100 מ"ל</UnitOfMeasure>
      <QtyInPackage>1</QtyInPackage>
      <ItemPrice>15.90</ItemPrice>
      <UnitOfMeasurePrice>3.18</UnitOfMeasurePrice>
      <AllowDiscount>1</AllowDiscount>
      <ItemStatus>1</ItemStatus>
    </Item>
    <Item>
      <PriceUpdateDate>2020-01-10 05:39</PriceUpdateDate>
      <ItemCode>7290112965448</ItemCode>
      <ItemType>1</ItemType>
      <ItemName>ויטמינצ.פטל פחות סוכר500</ItemName>
      <ManufacturerName>עסיס תעשיות מזון</ManufacturerName>
      <ManufactureCountry>IL</ManufactureCountry>
      <ManufacturerItemDescription>ויטמינצ'יק פטל</ManufacturerItemDescription>
      <UnitQty>מיליליטרים</UnitQty>
      <Quantity>500.00</Quantity>
      <bIsWeighted>0</bIsWeighted>
      <UnitOfMeasure>100 מ"ל</UnitOfMeasure>
      <QtyInPackage>1</QtyInPackage>
      <ItemPrice>15.90</ItemPrice>
      <UnitOfMeasurePrice>3.18</UnitOfMeasurePrice>
      <AllowDiscount>1</AllowDiscount>
      <ItemStatus>1</ItemStatus>
    </Item>
    <Item>
      <PriceUpdateDate>2020-01-20 01:21</PriceUpdateDate>
      <ItemCode>7290112966803</ItemCode>
      <ItemType>1</ItemType>
      <ItemName>אינסטנט פודינג שוקולד88ג</ItemName>
      <ManufacturerName>אסם השקעות בע"\מ</ManufacturerName>
      <ManufactureCountry>IL</ManufactureCountry>
      <ManufacturerItemDescription>פודינג שוקולד</ManufacturerItemDescription>
      <UnitQty>גרמים</UnitQty>
      <Quantity>88.00</Quantity>
      <bIsWeighted>0</bIsWeighted>
      <UnitOfMeasure>100 גרם</UnitOfMeasure>
      <QtyInPackage>1</QtyInPackage>
      <ItemPrice>5.70</ItemPrice>
      <UnitOfMeasurePrice>6.48</UnitOfMeasurePrice>
      <AllowDiscount>1</AllowDiscount>
      <ItemStatus>1</ItemStatus>
    </Item>
    <Item>
      <PriceUpdateDate>2020-05-01 05:36</PriceUpdateDate>
      <ItemCode>7290112969071</ItemCode>
      <ItemType>1</ItemType>
      <ItemName>פסטה פרפקטו רדיאטורי500ג</ItemName>
      <ManufacturerName>ניולט פוד ס.פ.א</ManufacturerName>
      <ManufactureCountry>IT</ManufactureCountry>
      <ManufacturerItemDescription>פסטה פרפקטו</ManufacturerItemDescription>
      <UnitQty>גרמים</UnitQty>
      <Quantity>500.00</Quantity>
      <bIsWeighted>0</bIsWeighted>
      <UnitOfMeasure>100 גרם</UnitOfMeasure>
      <QtyInPackage>1</QtyInPackage>
      <ItemPrice>11.90</ItemPrice>
      <UnitOfMeasurePrice>2.38</UnitOfMeasurePrice>
      <AllowDiscount>1</AllowDiscount>
      <ItemStatus>1</ItemStatus>
    </Item>
    <Item>
      <PriceUpdateDate>2020-03-12 13:38</PriceUpdateDate>
      <ItemCode>7290113192355</ItemCode>
      <ItemType>1</ItemType>
      <ItemName>זיתים חרוזית 560 גרם</ItemName>
      <ManufacturerName>בית-השיטה עסיס תעשיות מז</ManufacturerName>
      <ManufactureCountry>IL</ManufactureCountry>
      <ManufacturerItemDescription>זיתים חרוזית</ManufacturerItemDescription>
      <UnitQty>גרמים</UnitQty>
      <Quantity>560.00</Quantity>
      <bIsWeighted>0</bIsWeighted>
      <UnitOfMeasure>100 גרם</UnitOfMeasure>
      <QtyInPackage>1</QtyInPackage>
      <ItemPrice>9.90</ItemPrice>
      <UnitOfMeasurePrice>1.77</UnitOfMeasurePrice>
      <AllowDiscount>1</AllowDiscount>
      <ItemStatus>1</ItemStatus>
    </Item>
    <Item>
      <PriceUpdateDate>2020-07-03 05:37</PriceUpdateDate>
      <ItemCode>7290113192478</ItemCode>
      <ItemType>1</ItemType>
      <ItemName>מלפפונים 10-12 במלח 560ג</ItemName>
      <ManufacturerName>בית-השיטה עסיס תעשיות מז</ManufacturerName>
      <ManufactureCountry>IL</ManufactureCountry>
      <ManufacturerItemDescription>מלפפונים במלח</ManufacturerItemDescription>
      <UnitQty>גרמים</UnitQty>
      <Quantity>560.00</Quantity>
      <bIsWeighted>0</bIsWeighted>
      <UnitOfMeasure>100 גרם</UnitOfMeasure>
      <QtyInPackage>1</QtyInPackage>
      <ItemPrice>7.90</ItemPrice>
      <UnitOfMeasurePrice>1.41</UnitOfMeasurePrice>
      <AllowDiscount>1</AllowDiscount>
      <ItemStatus>1</ItemStatus>
    </Item>
    <Item>
      <PriceUpdateDate>2020-07-17 05:37</PriceUpdateDate>
      <ItemCode>7290113192508</ItemCode>
      <ItemType>1</ItemType>
      <ItemName>מלפפונ.מלח קטן13-17 560ג</ItemName>
      <ManufacturerName>בית-השיטה עסיס תעשיות מז</ManufacturerName>
      <ManufactureCountry>IL</ManufactureCountry>
      <ManufacturerItemDescription>מלפפונים מלח קטן</ManufacturerItemDescription>
      <UnitQty>גרמים</UnitQty>
      <Quantity>560.00</Quantity>
      <bIsWeighted>0</bIsWeighted>
      <UnitOfMeasure>100 גרם</UnitOfMeasure>
      <QtyInPackage>1</QtyInPackage>
      <ItemPrice>11.50</ItemPrice>
      <UnitOfMeasurePrice>2.05</UnitOfMeasurePrice>
      <AllowDiscount>1</AllowDiscount>
      <ItemStatus>1</ItemStatus>
    </Item>
    <Item>
      <PriceUpdateDate>2020-05-15 05:36</PriceUpdateDate>
      <ItemCode>7290114310215</ItemCode>
      <ItemType>1</ItemType>
      <ItemName>שמנת מתוקה38% בקבוק250מל</ItemName>
      <ManufacturerName>מילקו תעשיות בעמ</ManufacturerName>
      <ManufactureCountry>IL</ManufactureCountry>
      <ManufacturerItemDescription>שמנת מתוקה 38%</ManufacturerItemDescription>
      <UnitQty>מיליליטרים</UnitQty>
      <Quantity>250.00</Quantity>
      <bIsWeighted>0</bIsWeighted>
      <UnitOfMeasure>100 מ"ל</UnitOfMeasure>
      <QtyInPackage>1</QtyInPackage>
      <ItemPrice>6.18</ItemPrice>
      <UnitOfMeasurePrice>2.47</UnitOfMeasurePrice>
      <AllowDiscount>1</AllowDiscount>
      <ItemStatus>1</ItemStatus>
    </Item>
    <Item>
      <PriceUpdateDate>2020-10-10 18:30</PriceUpdateDate>
      <ItemCode>7290114310239</ItemCode>
      <ItemType>1</ItemType>
      <ItemName>חלב מוע.נטול לקטוז2% 1.5</ItemName>
      <ManufacturerName>מילקו תעשיות בעמ</ManufacturerName>
      <ManufactureCountry>IL</ManufactureCountry>
      <ManufacturerItemDescription>חלב נטול לקטוז</ManufacturerItemDescription>
      <UnitQty>מיליליטרים</UnitQty>
      <Quantity>1500.00</Quantity>
      <bIsWeighted>0</bIsWeighted>
      <UnitOfMeasure>100 מ"ל</UnitOfMeasure>
      <QtyInPackage>1</QtyInPackage>
      <ItemPrice>9.90</ItemPrice>
      <UnitOfMeasurePrice>0.66</UnitOfMeasurePrice>
      <AllowDiscount>1</AllowDiscount>
      <ItemStatus>1</ItemStatus>
    </Item>
    <Item>
      <PriceUpdateDate>2020-10-11 17:20</PriceUpdateDate>
      <ItemCode>7290114659949</ItemCode>
      <ItemType>1</ItemType>
      <ItemName>מסכה לפנים מארז 50 יח'</ItemName>
      <ManufacturerName>כללי</ManufacturerName>
      <ManufactureCountry>CN</ManufactureCountry>
      <ManufacturerItemDescription>מסכה לפנים מארז</ManufacturerItemDescription>
      <UnitQty>יחידה</UnitQty>
      <Quantity>1.00</Quantity>
      <bIsWeighted>0</bIsWeighted>
      <UnitOfMeasure>יחידה</UnitOfMeasure>
      <QtyInPackage>1</QtyInPackage>
      <ItemPrice>14.90</ItemPrice>
      <UnitOfMeasurePrice>14.90</UnitOfMeasurePrice>
      <AllowDiscount>1</AllowDiscount>
      <ItemStatus>1</ItemStatus>
    </Item>
    <Item>
      <PriceUpdateDate>2019-09-23 09:27</PriceUpdateDate>
      <ItemCode>72909799</ItemCode>
      <ItemType>1</ItemType>
      <ItemName>קליק O.K. 35 גרם</ItemName>
      <ManufacturerName>תות תעשיות מזון (2014) ב</ManufacturerName>
      <ManufactureCountry>IL</ManufactureCountry>
      <ManufacturerItemDescription>קליק O.K.</ManufacturerItemDescription>
      <UnitQty>גרמים</UnitQty>
      <Quantity>35.00</Quantity>
      <bIsWeighted>0</bIsWeighted>
      <UnitOfMeasure>100 גרם</UnitOfMeasure>
      <QtyInPackage>0</QtyInPackage>
      <ItemPrice>4.90</ItemPrice>
      <UnitOfMeasurePrice>14.00</UnitOfMeasurePrice>
      <AllowDiscount>1</AllowDiscount>
      <ItemStatus>1</ItemStatus>
    </Item>
    <Item>
      <PriceUpdateDate>2014-07-21 07:21</PriceUpdateDate>
      <ItemCode>72917367</ItemCode>
      <ItemType>1</ItemType>
      <ItemName>חטיף טעמי 40 גרם</ItemName>
      <ManufacturerName>עלית</ManufacturerName>
      <ManufactureCountry>IL</ManufactureCountry>
      <ManufacturerItemDescription>חטיף טעמי</ManufacturerItemDescription>
      <UnitQty>גרמים</UnitQty>
      <Quantity>40.00</Quantity>
      <bIsWeighted>0</bIsWeighted>
      <UnitOfMeasure>100 גרם</UnitOfMeasure>
      <QtyInPackage>0</QtyInPackage>
      <ItemPrice>4.50</ItemPrice>
      <UnitOfMeasurePrice>11.25</UnitOfMeasurePrice>
      <AllowDiscount>1</AllowDiscount>
      <ItemStatus>1</ItemStatus>
    </Item>
    <Item>
      <PriceUpdateDate>2014-07-21 07:21</PriceUpdateDate>
      <ItemCode>72917589</ItemCode>
      <ItemType>1</ItemType>
      <ItemName>מקופלת חלב 25 גרם</ItemName>
      <ManufacturerName>שטראוס</ManufacturerName>
      <ManufactureCountry>IL</ManufactureCountry>
      <ManufacturerItemDescription>מקופלת חלב</ManufacturerItemDescription>
      <UnitQty>גרמים</UnitQty>
      <Quantity>25.00</Quantity>
      <bIsWeighted>0</bIsWeighted>
      <UnitOfMeasure>100 גרם</UnitOfMeasure>
      <QtyInPackage>0</QtyInPackage>
      <ItemPrice>4.50</ItemPrice>
      <UnitOfMeasurePrice>18.00</UnitOfMeasurePrice>
      <AllowDiscount>1</AllowDiscount>
      <ItemStatus>1</ItemStatus>
    </Item>
    <Item>
      <PriceUpdateDate>2014-07-21 07:21</PriceUpdateDate>
      <ItemCode>72917893</ItemCode>
      <ItemType>1</ItemType>
      <ItemName>וופל פסק זמן חלב 45 גרם</ItemName>
      <ManufacturerName>עלית</ManufacturerName>
      <ManufactureCountry>IL</ManufactureCountry>
      <ManufacturerItemDescription>פסק זמן חלב</ManufacturerItemDescription>
      <UnitQty>גרמים</UnitQty>
      <Quantity>45.00</Quantity>
      <bIsWeighted>0</bIsWeighted>
      <UnitOfMeasure>100 גרם</UnitOfMeasure>
      <QtyInPackage>0</QtyInPackage>
      <ItemPrice>5.50</ItemPrice>
      <UnitOfMeasurePrice>12.22</UnitOfMeasurePrice>
      <AllowDiscount>1</AllowDiscount>
      <ItemStatus>1</ItemStatus>
    </Item>
    <Item>
      <PriceUpdateDate>2014-07-21 07:21</PriceUpdateDate>
      <ItemCode>72918388</ItemCode>
      <ItemType>1</ItemType>
      <ItemName>חטיף טויסט 28 גרם</ItemName>
      <ManufacturerName>עלית</ManufacturerName>
      <ManufactureCountry>IL</ManufactureCountry>
      <ManufacturerItemDescription>חטיף טוויסט</ManufacturerItemDescription>
      <UnitQty>גרמים</UnitQty>
      <Quantity>28.00</Quantity>
      <bIsWeighted>0</bIsWeighted>
      <UnitOfMeasure>100 גרם</UnitOfMeasure>
      <QtyInPackage>0</QtyInPackage>
      <ItemPrice>4.50</ItemPrice>
      <UnitOfMeasurePrice>16.07</UnitOfMeasurePrice>
      <AllowDiscount>1</AllowDiscount>
      <ItemStatus>1</ItemStatus>
    </Item>
    <Item>
      <PriceUpdateDate>2018-02-21 10:09</PriceUpdateDate>
      <ItemCode>72940754</ItemCode>
      <ItemType>1</ItemType>
      <ItemName>מילקי בטעם וניל 170 מ"ל</ItemName>
      <ManufacturerName>שטראוס גרופ בע"\מ</ManufacturerName>
      <ManufactureCountry>IL</ManufactureCountry>
      <ManufacturerItemDescription>מילקי טעם וניל</ManufacturerItemDescription>
      <UnitQty>מיליליטרים</UnitQty>
      <Quantity>170.00</Quantity>
      <bIsWeighted>0</bIsWeighted>
      <UnitOfMeasure>100 מ"ל</UnitOfMeasure>
      <QtyInPackage>0</QtyInPackage>
      <ItemPrice>2.90</ItemPrice>
      <UnitOfMeasurePrice>1.71</UnitOfMeasurePrice>
      <AllowDiscount>1</AllowDiscount>
      <ItemStatus>1</ItemStatus>
    </Item>
    <Item>
      <PriceUpdateDate>2018-02-21 10:09</PriceUpdateDate>
      <ItemCode>72940761</ItemCode>
      <ItemType>1</ItemType>
      <ItemName>מילקי בטעם שוקולד 170מ"ל</ItemName>
      <ManufacturerName>שטראוס גרופ בע"\מ</ManufacturerName>
      <ManufactureCountry>IL</ManufactureCountry>
      <ManufacturerItemDescription>מילקי טעם שוקולד</ManufacturerItemDescription>
      <UnitQty>מיליליטרים</UnitQty>
      <Quantity>170.00</Quantity>
      <bIsWeighted>0</bIsWeighted>
      <UnitOfMeasure>100 מ"ל</UnitOfMeasure>
      <QtyInPackage>0</QtyInPackage>
      <ItemPrice>2.90</ItemPrice>
      <UnitOfMeasurePrice>1.71</UnitOfMeasurePrice>
      <AllowDiscount>1</AllowDiscount>
      <ItemStatus>1</ItemStatus>
    </Item>
    <Item>
      <PriceUpdateDate>2018-07-26 09:59</PriceUpdateDate>
      <ItemCode>72945308</ItemCode>
      <ItemType>1</ItemType>
      <ItemName>קוביות שמרים לחים אפיה50</ItemName>
      <ManufacturerName>פאקא תעשיות בע"\מ</ManufacturerName>
      <ManufactureCountry>IL</ManufactureCountry>
      <ManufacturerItemDescription>קוביות שמרים</ManufacturerItemDescription>
      <UnitQty>גרמים</UnitQty>
      <Quantity>50.00</Quantity>
      <bIsWeighted>0</bIsWeighted>
      <UnitOfMeasure>100 גרם</UnitOfMeasure>
      <QtyInPackage>0</QtyInPackage>
      <ItemPrice>3.80</ItemPrice>
      <UnitOfMeasurePrice>7.60</UnitOfMeasurePrice>
      <AllowDiscount>1</AllowDiscount>
      <ItemStatus>1</ItemStatus>
    </Item>
    <Item>
      <PriceUpdateDate>2014-08-12 07:02</PriceUpdateDate>
      <ItemCode>7296073005865</ItemCode>
      <ItemType>1</ItemType>
      <ItemName>גריסי פנינה שופרסל500גרם</ItemName>
      <ManufacturerName>מיה</ManufacturerName>
      <ManufactureCountry>IL</ManufactureCountry>
      <ManufacturerItemDescription>גריסי פנינה</ManufacturerItemDescription>
      <UnitQty>גרמים</UnitQty>
      <Quantity>500.00</Quantity>
      <bIsWeighted>0</bIsWeighted>
      <UnitOfMeasure>100 גרם</UnitOfMeasure>
      <QtyInPackage>0</QtyInPackage>
      <ItemPrice>5.90</ItemPrice>
      <UnitOfMeasurePrice>1.18</UnitOfMeasurePrice>
      <AllowDiscount>1</AllowDiscount>
      <ItemStatus>1</ItemStatus>
    </Item>
    <Item>
      <PriceUpdateDate>2017-06-20 12:18</PriceUpdateDate>
      <ItemCode>7296073006411</ItemCode>
      <ItemType>1</ItemType>
      <ItemName>מלפ.במלח 10-12שופרסל560ג</ItemName>
      <ManufacturerName>בני דרום</ManufacturerName>
      <ManufactureCountry>IL</ManufactureCountry>
      <ManufacturerItemDescription>מלפפון במלח12-</ManufacturerItemDescription>
      <UnitQty>גרמים</UnitQty>
      <Quantity>560.00</Quantity>
      <bIsWeighted>0</bIsWeighted>
      <UnitOfMeasure>100 גרם</UnitOfMeasure>
      <QtyInPackage>0</QtyInPackage>
      <ItemPrice>8.00</ItemPrice>
      <UnitOfMeasurePrice>1.43</UnitOfMeasurePrice>
      <AllowDiscount>1</AllowDiscount>
      <ItemStatus>1</ItemStatus>
    </Item>
    <Item>
      <PriceUpdateDate>2017-08-22 07:06</PriceUpdateDate>
      <ItemCode>7296073006497</ItemCode>
      <ItemType>1</ItemType>
      <ItemName>גביעי גלידה שופרסל 30יח'</ItemName>
      <ManufacturerName>גילרו בע"\מ</ManufacturerName>
      <ManufactureCountry>IL</ManufactureCountry>
      <ManufacturerItemDescription>גביעי גלידה</ManufacturerItemDescription>
      <UnitQty>גרמים</UnitQty>
      <Quantity>115.00</Quantity>
      <bIsWeighted>0</bIsWeighted>
      <UnitOfMeasure>100 גרם</UnitOfMeasure>
      <QtyInPackage>0</QtyInPackage>
      <ItemPrice>10.30</ItemPrice>
      <UnitOfMeasurePrice>8.96</UnitOfMeasurePrice>
      <AllowDiscount>1</AllowDiscount>
      <ItemStatus>1</ItemStatus>
    </Item>
    <Item>
      <PriceUpdateDate>2017-11-07 09:20</PriceUpdateDate>
      <ItemCode>7296073009771</ItemCode>
      <ItemType>1</ItemType>
      <ItemName>מים מינרליים שופרסל1.5*6</ItemName>
      <ManufacturerName>שופרסל</ManufacturerName>
      <ManufactureCountry>IT</ManufactureCountry>
      <ManufacturerItemDescription>מים שופרסל 6 יח</ManufacturerItemDescription>
      <UnitQty>ליטרים</UnitQty>
      <Quantity>9.00</Quantity>
      <bIsWeighted>0</bIsWeighted>
      <UnitOfMeasure>ליטר</UnitOfMeasure>
      <QtyInPackage>0</QtyInPackage>
      <ItemPrice>11.90</ItemPrice>
      <UnitOfMeasurePrice>1.32</UnitOfMeasurePrice>
      <AllowDiscount>1</AllowDiscount>
      <ItemStatus>1</ItemStatus>
    </Item>
    <Item>
      <PriceUpdateDate>2015-05-19 08:32</PriceUpdateDate>
      <ItemCode>7296073011101</ItemCode>
      <ItemType>1</ItemType>
      <ItemName>קוסקוס עבה שופרסל 350גרם</ItemName>
      <ManufacturerName>אסיף תעשיות מזון</ManufacturerName>
      <ManufactureCountry>IL</ManufactureCountry>
      <ManufacturerItemDescription>קוסקוס עבה</ManufacturerItemDescription>
      <UnitQty>גרמים</UnitQty>
      <Quantity>350.00</Quantity>
      <bIsWeighted>0</bIsWeighted>
      <UnitOfMeasure>100 גרם</UnitOfMeasure>
      <QtyInPackage>0</QtyInPackage>
      <ItemPrice>5.20</ItemPrice>
      <UnitOfMeasurePrice>1.49</UnitOfMeasurePrice>
      <AllowDiscount>1</AllowDiscount>
      <ItemStatus>1</ItemStatus>
    </Item>
    <Item>
      <PriceUpdateDate>2015-05-19 08:32</PriceUpdateDate>
      <ItemCode>7296073011118</ItemCode>
      <ItemType>1</ItemType>
      <ItemName>קוסקוס דק שופרסל 350 גרם</ItemName>
      <ManufacturerName>אסיף תעשיות מזון</ManufacturerName>
      <ManufactureCountry>IL</ManufactureCountry>
      <ManufacturerItemDescription>קוסקוס דק</ManufacturerItemDescription>
      <UnitQty>גרמים</UnitQty>
      <Quantity>350.00</Quantity>
      <bIsWeighted>0</bIsWeighted>
      <UnitOfMeasure>100 גרם</UnitOfMeasure>
      <QtyInPackage>0</QtyInPackage>
      <ItemPrice>5.20</ItemPrice>
      <UnitOfMeasurePrice>1.49</UnitOfMeasurePrice>
      <AllowDiscount>1</AllowDiscount>
      <ItemStatus>1</ItemStatus>
    </Item>
    <Item>
      <PriceUpdateDate>2014-07-21 07:13</PriceUpdateDate>
      <ItemCode>7296073011224</ItemCode>
      <ItemType>1</ItemType>
      <ItemName>פסטה פוסילי36שופר 500גרם</ItemName>
      <ManufacturerName>שופרסל</ManufacturerName>
      <ManufactureCountry>IT</ManufactureCountry>
      <ManufacturerItemDescription>פסטה פוסילי</ManufacturerItemDescription>
      <UnitQty>גרמים</UnitQty>
      <Quantity>500.00</Quantity>
      <bIsWeighted>0</bIsWeighted>
      <UnitOfMeasure>100 גרם</UnitOfMeasure>
      <QtyInPackage>0</QtyInPackage>
      <ItemPrice>4.90</ItemPrice>
      <UnitOfMeasurePrice>0.98</UnitOfMeasurePrice>
      <AllowDiscount>1</AllowDiscount>
      <ItemStatus>1</ItemStatus>
    </Item>
    <Item>
      <PriceUpdateDate>2015-05-19 08:32</PriceUpdateDate>
      <ItemCode>7296073012009</ItemCode>
      <ItemType>1</ItemType>
      <ItemName>קוסקוס בינוני שופרסל350ג</ItemName>
      <ManufacturerName>אסיף תעשיות מזון</ManufacturerName>
      <ManufactureCountry>IL</ManufactureCountry>
      <ManufacturerItemDescription>קוסקוס בינוני</ManufacturerItemDescription>
      <UnitQty>גרמים</UnitQty>
      <Quantity>350.00</Quantity>
      <bIsWeighted>0</bIsWeighted>
      <UnitOfMeasure>100 גרם</UnitOfMeasure>
      <QtyInPackage>0</QtyInPackage>
      <ItemPrice>5.20</ItemPrice>
      <UnitOfMeasurePrice>1.49</UnitOfMeasurePrice>
      <AllowDiscount>1</AllowDiscount>
      <ItemStatus>1</ItemStatus>
    </Item>
    <Item>
      <PriceUpdateDate>2018-02-12 08:54</PriceUpdateDate>
      <ItemCode>7296073020356</ItemCode>
      <ItemType>1</ItemType>
      <ItemName>150כוס שתייה קרה בייסיק</ItemName>
      <ManufacturerName>שופרסל</ManufacturerName>
      <ManufactureCountry />
      <ManufacturerItemDescription>כוס שתיה</ManufacturerItemDescription>
      <UnitQty>יחידה</UnitQty>
      <Quantity>1.00</Quantity>
      <bIsWeighted>0</bIsWeighted>
      <UnitOfMeasure>יחידה</UnitOfMeasure>
      <QtyInPackage>0</QtyInPackage>
      <ItemPrice>7.90</ItemPrice>
      <UnitOfMeasurePrice>7.90</UnitOfMeasurePrice>
      <AllowDiscount>1</AllowDiscount>
      <ItemStatus>1</ItemStatus>
    </Item>
    <Item>
      <PriceUpdateDate>2013-12-01 11:56</PriceUpdateDate>
      <ItemCode>7296073020394</ItemCode>
      <ItemType>1</ItemType>
      <ItemName>קערית מרק  BASIC 50 יח,'</ItemName>
      <ManufacturerName>שופרסל</ManufacturerName>
      <ManufactureCountry>IL</ManufactureCountry>
      <ManufacturerItemDescription>קעריות ח"פ</ManufacturerItemDescription>
      <UnitQty>יחידה</UnitQty>
      <Quantity>1.00</Quantity>
      <bIsWeighted>0</bIsWeighted>
      <UnitOfMeasure>יחידה</UnitOfMeasure>
      <QtyInPackage>0</QtyInPackage>
      <ItemPrice>13.90</ItemPrice>
      <UnitOfMeasurePrice>13.90</UnitOfMeasurePrice>
      <AllowDiscount>1</AllowDiscount>
      <ItemStatus>1</ItemStatus>
    </Item>
    <Item>
      <PriceUpdateDate>2015-09-30 08:04</PriceUpdateDate>
      <ItemCode>7296073021568</ItemCode>
      <ItemType>1</ItemType>
      <ItemName>קמח לבן שופרסל 1 ק"ג</ItemName>
      <ManufacturerName>שופרסל</ManufacturerName>
      <ManufactureCountry>IL</ManufactureCountry>
      <ManufacturerItemDescription>קמח לבן</ManufacturerItemDescription>
      <UnitQty>קילוגרמים</UnitQty>
      <Quantity>1.00</Quantity>
      <bIsWeighted>0</bIsWeighted>
      <UnitOfMeasure>ק"ג</UnitOfMeasure>
      <QtyInPackage>0</QtyInPackage>
      <ItemPrice>3.80</ItemPrice>
      <UnitOfMeasurePrice>3.80</UnitOfMeasurePrice>
      <AllowDiscount>1</AllowDiscount>
      <ItemStatus>1</ItemStatus>
    </Item>
    <Item>
      <PriceUpdateDate>2020-06-16 08:17</PriceUpdateDate>
      <ItemCode>7296073021575</ItemCode>
      <ItemType>1</ItemType>
      <ItemName>קמח תופח שופרסל 1 ק"ג</ItemName>
      <ManufacturerName>שופרסל</ManufacturerName>
      <ManufactureCountry>IL</ManufactureCountry>
      <ManufacturerItemDescription>קמח תופח מאליו</ManufacturerItemDescription>
      <UnitQty>קילוגרמים</UnitQty>
      <Quantity>1.00</Quantity>
      <bIsWeighted>0</bIsWeighted>
      <UnitOfMeasure>ק"ג</UnitOfMeasure>
      <QtyInPackage>0</QtyInPackage>
      <ItemPrice>6.90</ItemPrice>
      <UnitOfMeasurePrice>6.90</UnitOfMeasurePrice>
      <AllowDiscount>1</AllowDiscount>
      <ItemStatus>1</ItemStatus>
    </Item>
    <Item>
      <PriceUpdateDate>2017-02-07 07:16</PriceUpdateDate>
      <ItemCode>7296073021582</ItemCode>
      <ItemType>1</ItemType>
      <ItemName>סולת חיטה שופרסל 1 ק"ג</ItemName>
      <ManufacturerName>שופרסל</ManufacturerName>
      <ManufactureCountry>IL</ManufactureCountry>
      <ManufacturerItemDescription>סולת חיטה</ManufacturerItemDescription>
      <UnitQty>קילוגרמים</UnitQty>
      <Quantity>1.00</Quantity>
      <bIsWeighted>0</bIsWeighted>
      <UnitOfMeasure>ק"ג</UnitOfMeasure>
      <QtyInPackage>0</QtyInPackage>
      <ItemPrice>4.20</ItemPrice>
      <UnitOfMeasurePrice>4.20</UnitOfMeasurePrice>
      <AllowDiscount>1</AllowDiscount>
      <ItemStatus>1</ItemStatus>
    </Item>
    <Item>
      <PriceUpdateDate>2017-01-04 07:31</PriceUpdateDate>
      <ItemCode>7296073033752</ItemCode>
      <ItemType>1</ItemType>
      <ItemName>שמן קנולה שופרסל 1 ליטר</ItemName>
      <ManufacturerName>NV AOR</ManufacturerName>
      <ManufactureCountry>BE</ManufactureCountry>
      <ManufacturerItemDescription>שמן קנולה 1 ל'</ManufacturerItemDescription>
      <UnitQty>ליטרים</UnitQty>
      <Quantity>1.00</Quantity>
      <bIsWeighted>0</bIsWeighted>
      <UnitOfMeasure>ליטר</UnitOfMeasure>
      <QtyInPackage>0</QtyInPackage>
      <ItemPrice>7.90</ItemPrice>
      <UnitOfMeasurePrice>7.90</UnitOfMeasurePrice>
      <AllowDiscount>1</AllowDiscount>
      <ItemStatus>1</ItemStatus>
    </Item>
    <Item>
      <PriceUpdateDate>2017-02-07 07:17</PriceUpdateDate>
      <ItemCode>7296073048992</ItemCode>
      <ItemType>1</ItemType>
      <ItemName>פסטרמה בדבש שופרסל 300גר</ItemName>
      <ManufacturerName>---</ManufacturerName>
      <ManufactureCountry>IL</ManufactureCountry>
      <ManufacturerItemDescription>פסטרמה בדבש</ManufacturerItemDescription>
      <UnitQty>גרמים</UnitQty>
      <Quantity>300.00</Quantity>
      <bIsWeighted>0</bIsWeighted>
      <UnitOfMeasure>100 גרם</UnitOfMeasure>
      <QtyInPackage>0</QtyInPackage>
      <ItemPrice>22.90</ItemPrice>
      <UnitOfMeasurePrice>7.63</UnitOfMeasurePrice>
      <AllowDiscount>1</AllowDiscount>
      <ItemStatus>1</ItemStatus>
    </Item>
    <Item>
      <PriceUpdateDate>2018-08-27 12:54</PriceUpdateDate>
      <ItemCode>7296073049074</ItemCode>
      <ItemType>1</ItemType>
      <ItemName>סלמי קוניאק שופרסל 300גר</ItemName>
      <ManufacturerName>מעדני יחיעם</ManufacturerName>
      <ManufactureCountry>IL</ManufactureCountry>
      <ManufacturerItemDescription>סלמי קוניאק</ManufacturerItemDescription>
      <UnitQty>גרמים</UnitQty>
      <Quantity>300.00</Quantity>
      <bIsWeighted>0</bIsWeighted>
      <UnitOfMeasure>100 גרם</UnitOfMeasure>
      <QtyInPackage>0</QtyInPackage>
      <ItemPrice>23.90</ItemPrice>
      <UnitOfMeasurePrice>7.97</UnitOfMeasurePrice>
      <AllowDiscount>1</AllowDiscount>
      <ItemStatus>1</ItemStatus>
    </Item>
    <Item>
      <PriceUpdateDate>2015-09-30 08:08</PriceUpdateDate>
      <ItemCode>7296073049654</ItemCode>
      <ItemType>1</ItemType>
      <ItemName>טבעות זיתים ירוקים 560גר</ItemName>
      <ManufacturerName>שופרסל</ManufacturerName>
      <ManufactureCountry>IL</ManufactureCountry>
      <ManufacturerItemDescription>טבעות זיתים</ManufacturerItemDescription>
      <UnitQty>גרמים</UnitQty>
      <Quantity>560.00</Quantity>
      <bIsWeighted>0</bIsWeighted>
      <UnitOfMeasure>100 גרם</UnitOfMeasure>
      <QtyInPackage>0</QtyInPackage>
      <ItemPrice>9.60</ItemPrice>
      <UnitOfMeasurePrice>1.71</UnitOfMeasurePrice>
      <AllowDiscount>1</AllowDiscount>
      <ItemStatus>1</ItemStatus>
    </Item>
    <Item>
      <PriceUpdateDate>2017-02-07 07:16</PriceUpdateDate>
      <ItemCode>7296073058984</ItemCode>
      <ItemType>1</ItemType>
      <ItemName>גרנולה קראנץ פירות+אג400</ItemName>
      <ManufacturerName>בריגן קי. ג'י</ManufacturerName>
      <ManufactureCountry>DE</ManufactureCountry>
      <ManufacturerItemDescription>גרנולה קראנץ</ManufacturerItemDescription>
      <UnitQty>גרמים</UnitQty>
      <Quantity>400.00</Quantity>
      <bIsWeighted>0</bIsWeighted>
      <UnitOfMeasure>100 גרם</UnitOfMeasure>
      <QtyInPackage>0</QtyInPackage>
      <ItemPrice>16.90</ItemPrice>
      <UnitOfMeasurePrice>4.23</UnitOfMeasurePrice>
      <AllowDiscount>1</AllowDiscount>
      <ItemStatus>1</ItemStatus>
    </Item>
    <Item>
      <PriceUpdateDate>2017-02-07 07:16</PriceUpdateDate>
      <ItemCode>7296073058991</ItemCode>
      <ItemType>1</ItemType>
      <ItemName>מוזלי שופרסל 500 גרם</ItemName>
      <ManufacturerName>בריגן קי ג'י</ManufacturerName>
      <ManufactureCountry>DE</ManufactureCountry>
      <ManufacturerItemDescription>מוזלי שופרסל</ManufacturerItemDescription>
      <UnitQty>גרמים</UnitQty>
      <Quantity>500.00</Quantity>
      <bIsWeighted>0</bIsWeighted>
      <UnitOfMeasure>100 גרם</UnitOfMeasure>
      <QtyInPackage>0</QtyInPackage>
      <ItemPrice>16.90</ItemPrice>
      <UnitOfMeasurePrice>3.38</UnitOfMeasurePrice>
      <AllowDiscount>1</AllowDiscount>
      <ItemStatus>1</ItemStatus>
    </Item>
    <Item>
      <PriceUpdateDate>2014-09-17 07:50</PriceUpdateDate>
      <ItemCode>7296073059097</ItemCode>
      <ItemType>1</ItemType>
      <ItemName>25 מגבונים להסרת איפור</ItemName>
      <ManufacturerName>שופרסל</ManufacturerName>
      <ManufactureCountry>IL</ManufactureCountry>
      <ManufacturerItemDescription>מגבונים לאיפור</ManufacturerItemDescription>
      <UnitQty>יחידה</UnitQty>
      <Quantity>1.00</Quantity>
      <bIsWeighted>0</bIsWeighted>
      <UnitOfMeasure>יחידה</UnitOfMeasure>
      <QtyInPackage>0</QtyInPackage>
      <ItemPrice>9.90</ItemPrice>
      <UnitOfMeasurePrice>9.90</UnitOfMeasurePrice>
      <AllowDiscount>1</AllowDiscount>
      <ItemStatus>1</ItemStatus>
    </Item>
    <Item>
      <PriceUpdateDate>2014-06-17 07:49</PriceUpdateDate>
      <ItemCode>7296073059691</ItemCode>
      <ItemType>1</ItemType>
      <ItemName>צלחת גדולה BASIC 50 יח,'</ItemName>
      <ManufacturerName>שופרסל</ManufacturerName>
      <ManufactureCountry>IL</ManufactureCountry>
      <ManufacturerItemDescription>צלחות ח"פ גדולות</ManufacturerItemDescription>
      <UnitQty>יחידה</UnitQty>
      <Quantity>1.00</Quantity>
      <bIsWeighted>0</bIsWeighted>
      <UnitOfMeasure>יחידה</UnitOfMeasure>
      <QtyInPackage>0</QtyInPackage>
      <ItemPrice>11.90</ItemPrice>
      <UnitOfMeasurePrice>11.90</UnitOfMeasurePrice>
      <AllowDiscount>1</AllowDiscount>
      <ItemStatus>1</ItemStatus>
    </Item>
    <Item>
      <PriceUpdateDate>2013-12-01 11:55</PriceUpdateDate>
      <ItemCode>7296073059707</ItemCode>
      <ItemType>1</ItemType>
      <ItemName>צלחת קטנה BASIC 50 יח,'</ItemName>
      <ManufacturerName>שופרסל</ManufacturerName>
      <ManufactureCountry>IL</ManufactureCountry>
      <ManufacturerItemDescription>צלחות קטנות ח"פ</ManufacturerItemDescription>
      <UnitQty>יחידה</UnitQty>
      <Quantity>1.00</Quantity>
      <bIsWeighted>0</bIsWeighted>
      <UnitOfMeasure>יחידה</UnitOfMeasure>
      <QtyInPackage>0</QtyInPackage>
      <ItemPrice>9.90</ItemPrice>
      <UnitOfMeasurePrice>9.90</UnitOfMeasurePrice>
      <AllowDiscount>1</AllowDiscount>
      <ItemStatus>1</ItemStatus>
    </Item>
    <Item>
      <PriceUpdateDate>2019-05-22 08:26</PriceUpdateDate>
      <ItemCode>7296073062974</ItemCode>
      <ItemType>1</ItemType>
      <ItemName>מים מינרל.שופרסל500*6מ"ל</ItemName>
      <ManufacturerName>תבינה אס.פי.אי</ManufacturerName>
      <ManufactureCountry>IL</ManufactureCountry>
      <ManufacturerItemDescription>מים מינרלים 6יח'</ManufacturerItemDescription>
      <UnitQty>ליטרים</UnitQty>
      <Quantity>3.00</Quantity>
      <bIsWeighted>0</bIsWeighted>
      <UnitOfMeasure>ליטר</UnitOfMeasure>
      <QtyInPackage>0</QtyInPackage>
      <ItemPrice>11.90</ItemPrice>
      <UnitOfMeasurePrice>3.97</UnitOfMeasurePrice>
      <AllowDiscount>1</AllowDiscount>
      <ItemStatus>1</ItemStatus>
    </Item>
    <Item>
      <PriceUpdateDate>2018-01-23 08:52</PriceUpdateDate>
      <ItemCode>7296073064398</ItemCode>
      <ItemType>1</ItemType>
      <ItemName>בורקס גבינה שופרסל 800 ג</ItemName>
      <ManufacturerName>מאפ גדרון</ManufacturerName>
      <ManufactureCountry>IL</ManufactureCountry>
      <ManufacturerItemDescription>בורקס גבינה800</ManufacturerItemDescription>
      <UnitQty>גרמים</UnitQty>
      <Quantity>800.00</Quantity>
      <bIsWeighted>0</bIsWeighted>
      <UnitOfMeasure>100 גרם</UnitOfMeasure>
      <QtyInPackage>0</QtyInPackage>
      <ItemPrice>16.90</ItemPrice>
      <UnitOfMeasurePrice>2.11</UnitOfMeasurePrice>
      <AllowDiscount>1</AllowDiscount>
      <ItemStatus>1</ItemStatus>
    </Item>
    <Item>
      <PriceUpdateDate>2016-01-05 06:48</PriceUpdateDate>
      <ItemCode>7296073074434</ItemCode>
      <ItemType>1</ItemType>
      <ItemName>פתי בר גדול שופרסל500גרם</ItemName>
      <ManufacturerName>שופרסל</ManufacturerName>
      <ManufactureCountry>IL</ManufactureCountry>
      <ManufacturerItemDescription>פתי בר שופרסל</ManufacturerItemDescription>
      <UnitQty>גרמים</UnitQty>
      <Quantity>500.00</Quantity>
      <bIsWeighted>0</bIsWeighted>
      <UnitOfMeasure>100 גרם</UnitOfMeasure>
      <QtyInPackage>0</QtyInPackage>
      <ItemPrice>9.50</ItemPrice>
      <UnitOfMeasurePrice>1.90</UnitOfMeasurePrice>
      <AllowDiscount>1</AllowDiscount>
      <ItemStatus>1</ItemStatus>
    </Item>
    <Item>
      <PriceUpdateDate>2016-01-05 06:48</PriceUpdateDate>
      <ItemCode>7296073074441</ItemCode>
      <ItemType>1</ItemType>
      <ItemName>פתי בר שוקו גדול שופר500</ItemName>
      <ManufacturerName>שופרסל</ManufacturerName>
      <ManufactureCountry>IL</ManufactureCountry>
      <ManufacturerItemDescription>פתי בר שוקו</ManufacturerItemDescription>
      <UnitQty>גרמים</UnitQty>
      <Quantity>500.00</Quantity>
      <bIsWeighted>0</bIsWeighted>
      <UnitOfMeasure>100 גרם</UnitOfMeasure>
      <QtyInPackage>0</QtyInPackage>
      <ItemPrice>9.50</ItemPrice>
      <UnitOfMeasurePrice>1.90</UnitOfMeasurePrice>
      <AllowDiscount>1</AllowDiscount>
      <ItemStatus>1</ItemStatus>
    </Item>
    <Item>
      <PriceUpdateDate>2019-05-01 16:36</PriceUpdateDate>
      <ItemCode>7296073078395</ItemCode>
      <ItemType>1</ItemType>
      <ItemName>תפוח אדמה נשיקות תפזורת</ItemName>
      <ManufacturerName>קטיף.</ManufacturerName>
      <ManufactureCountry>IL</ManufactureCountry>
      <ManufacturerItemDescription>תפוח אדמה נשיקות</ManufacturerItemDescription>
      <UnitQty>קילוגרמים</UnitQty>
      <Quantity>0.00</Quantity>
      <bIsWeighted>1</bIsWeighted>
      <UnitOfMeasure>ק"ג</UnitOfMeasure>
      <QtyInPackage>0</QtyInPackage>
      <ItemPrice>5.90</ItemPrice>
      <UnitOfMeasurePrice>5.90</UnitOfMeasurePrice>
      <AllowDiscount>1</AllowDiscount>
      <ItemStatus>1</ItemStatus>
    </Item>
    <Item>
      <PriceUpdateDate>2015-09-30 08:01</PriceUpdateDate>
      <ItemCode>7296073078555</ItemCode>
      <ItemType>1</ItemType>
      <ItemName>בצק עלים שופרסל 1קג</ItemName>
      <ManufacturerName>שופרסל</ManufacturerName>
      <ManufactureCountry>IL</ManufactureCountry>
      <ManufacturerItemDescription>בצק עלים 1קג</ManufacturerItemDescription>
      <UnitQty>קילוגרמים</UnitQty>
      <Quantity>1.00</Quantity>
      <bIsWeighted>0</bIsWeighted>
      <UnitOfMeasure>ק"ג</UnitOfMeasure>
      <QtyInPackage>0</QtyInPackage>
      <ItemPrice>15.80</ItemPrice>
      <UnitOfMeasurePrice>15.80</UnitOfMeasurePrice>
      <AllowDiscount>1</AllowDiscount>
      <ItemStatus>1</ItemStatus>
    </Item>
    <Item>
      <PriceUpdateDate>2017-02-07 07:16</PriceUpdateDate>
      <ItemCode>7296073078586</ItemCode>
      <ItemType>1</ItemType>
      <ItemName>דבש טבעי שופרסל צנצ500גר</ItemName>
      <ManufacturerName>שופרסל</ManufacturerName>
      <ManufactureCountry>IL</ManufactureCountry>
      <ManufacturerItemDescription>דבש טבעי שופרסל</ManufacturerItemDescription>
      <UnitQty>גרמים</UnitQty>
      <Quantity>500.00</Quantity>
      <bIsWeighted>0</bIsWeighted>
      <UnitOfMeasure>100 גרם</UnitOfMeasure>
      <QtyInPackage>0</QtyInPackage>
      <ItemPrice>26.90</ItemPrice>
      <UnitOfMeasurePrice>5.38</UnitOfMeasurePrice>
      <AllowDiscount>1</AllowDiscount>
      <ItemStatus>1</ItemStatus>
    </Item>
    <Item>
      <PriceUpdateDate>2017-02-08 08:34</PriceUpdateDate>
      <ItemCode>7296073078838</ItemCode>
      <ItemType>1</ItemType>
      <ItemName>6 כריות יפניות שופרסל</ItemName>
      <ManufacturerName>פלסטו פוליש</ManufacturerName>
      <ManufactureCountry>IL</ManufactureCountry>
      <ManufacturerItemDescription>כריות יפניות</ManufacturerItemDescription>
      <UnitQty>יחידה</UnitQty>
      <Quantity>1.00</Quantity>
      <bIsWeighted>0</bIsWeighted>
      <UnitOfMeasure>יחידה</UnitOfMeasure>
      <QtyInPackage>0</QtyInPackage>
      <ItemPrice>9.70</ItemPrice>
      <UnitOfMeasurePrice>9.70</UnitOfMeasurePrice>
      <AllowDiscount>1</AllowDiscount>
      <ItemStatus>1</ItemStatus>
    </Item>
    <Item>
      <PriceUpdateDate>2017-02-08 08:34</PriceUpdateDate>
      <ItemCode>7296073078883</ItemCode>
      <ItemType>1</ItemType>
      <ItemName>9 מטליות ניקוי כללי שופר</ItemName>
      <ManufacturerName>שופרסל</ManufacturerName>
      <ManufactureCountry>IL</ManufactureCountry>
      <ManufacturerItemDescription>מטליות ניקוי 9יח</ManufacturerItemDescription>
      <UnitQty>יחידה</UnitQty>
      <Quantity>1.00</Quantity>
      <bIsWeighted>0</bIsWeighted>
      <UnitOfMeasure>יחידה</UnitOfMeasure>
      <QtyInPackage>0</QtyInPackage>
      <ItemPrice>9.50</ItemPrice>
      <UnitOfMeasurePrice>9.50</UnitOfMeasurePrice>
      <AllowDiscount>1</AllowDiscount>
      <ItemStatus>1</ItemStatus>
    </Item>
    <Item>
      <PriceUpdateDate>2015-09-30 08:09</PriceUpdateDate>
      <ItemCode>7296073078975</ItemCode>
      <ItemType>1</ItemType>
      <ItemName>פריכיות אורז מלא שופר100</ItemName>
      <ManufacturerName>שופרסל</ManufacturerName>
      <ManufactureCountry>IL</ManufactureCountry>
      <ManufacturerItemDescription>פריכיות אורז</ManufacturerItemDescription>
      <UnitQty>גרמים</UnitQty>
      <Quantity>100.00</Quantity>
      <bIsWeighted>0</bIsWeighted>
      <UnitOfMeasure>100 גרם</UnitOfMeasure>
      <QtyInPackage>0</QtyInPackage>
      <ItemPrice>6.80</ItemPrice>
      <UnitOfMeasurePrice>6.80</UnitOfMeasurePrice>
      <AllowDiscount>1</AllowDiscount>
      <ItemStatus>1</ItemStatus>
    </Item>
    <Item>
      <PriceUpdateDate>2015-09-30 08:09</PriceUpdateDate>
      <ItemCode>7296073078999</ItemCode>
      <ItemType>1</ItemType>
      <ItemName>פריכ.אורז שיבולת שופר100</ItemName>
      <ManufacturerName>פרח</ManufacturerName>
      <ManufactureCountry>IL</ManufactureCountry>
      <ManufacturerItemDescription>פריכיות אורז</ManufacturerItemDescription>
      <UnitQty>גרמים</UnitQty>
      <Quantity>100.00</Quantity>
      <bIsWeighted>0</bIsWeighted>
      <UnitOfMeasure>100 גרם</UnitOfMeasure>
      <QtyInPackage>0</QtyInPackage>
      <ItemPrice>6.80</ItemPrice>
      <UnitOfMeasurePrice>6.80</UnitOfMeasurePrice>
      <AllowDiscount>1</AllowDiscount>
      <ItemStatus>1</ItemStatus>
    </Item>
    <Item>
      <PriceUpdateDate>2015-09-30 08:09</PriceUpdateDate>
      <ItemCode>7296073079002</ItemCode>
      <ItemType>1</ItemType>
      <ItemName>פריכ.דקות אורז מלא ש100.</ItemName>
      <ManufacturerName>שופרסל</ManufacturerName>
      <ManufactureCountry>IL</ManufactureCountry>
      <ManufacturerItemDescription>פריכיות דקות</ManufacturerItemDescription>
      <UnitQty>גרמים</UnitQty>
      <Quantity>100.00</Quantity>
      <bIsWeighted>0</bIsWeighted>
      <UnitOfMeasure>100 גרם</UnitOfMeasure>
      <QtyInPackage>0</QtyInPackage>
      <ItemPrice>7.40</ItemPrice>
      <UnitOfMeasurePrice>7.40</UnitOfMeasurePrice>
      <AllowDiscount>1</AllowDiscount>
      <ItemStatus>1</ItemStatus>
    </Item>
    <Item>
      <PriceUpdateDate>2017-02-07 07:16</PriceUpdateDate>
      <ItemCode>7296073079040</ItemCode>
      <ItemType>1</ItemType>
      <ItemName>פריכיות זעתר שופרסל 50גר</ItemName>
      <ManufacturerName>שופרסל</ManufacturerName>
      <ManufactureCountry>IL</ManufactureCountry>
      <ManufacturerItemDescription>פריכיות אורז</ManufacturerItemDescription>
      <UnitQty>גרמים</UnitQty>
      <Quantity>50.00</Quantity>
      <bIsWeighted>0</bIsWeighted>
      <UnitOfMeasure>100 גרם</UnitOfMeasure>
      <QtyInPackage>0</QtyInPackage>
      <ItemPrice>8.50</ItemPrice>
      <UnitOfMeasurePrice>17.00</UnitOfMeasurePrice>
      <AllowDiscount>1</AllowDiscount>
      <ItemStatus>1</ItemStatus>
    </Item>
    <Item>
      <PriceUpdateDate>2017-02-07 07:16</PriceUpdateDate>
      <ItemCode>7296073079057</ItemCode>
      <ItemType>1</ItemType>
      <ItemName>פריכיות מעושן שופרסל50גר</ItemName>
      <ManufacturerName>שופרסל</ManufacturerName>
      <ManufactureCountry>IL</ManufactureCountry>
      <ManufacturerItemDescription>פריכיות שופרסל</ManufacturerItemDescription>
      <UnitQty>גרמים</UnitQty>
      <Quantity>50.00</Quantity>
      <bIsWeighted>0</bIsWeighted>
      <UnitOfMeasure>100 גרם</UnitOfMeasure>
      <QtyInPackage>0</QtyInPackage>
      <ItemPrice>8.50</ItemPrice>
      <UnitOfMeasurePrice>17.00</UnitOfMeasurePrice>
      <AllowDiscount>1</AllowDiscount>
      <ItemStatus>1</ItemStatus>
    </Item>
    <Item>
      <PriceUpdateDate>2015-09-30 08:08</PriceUpdateDate>
      <ItemCode>7296073079866</ItemCode>
      <ItemType>1</ItemType>
      <ItemName>עגבניות מרוסקות שופר800ג</ItemName>
      <ManufacturerName>פריניר</ManufacturerName>
      <ManufactureCountry>IL</ManufactureCountry>
      <ManufacturerItemDescription>עגבניות מרוסקות</ManufacturerItemDescription>
      <UnitQty>גרמים</UnitQty>
      <Quantity>800.00</Quantity>
      <bIsWeighted>0</bIsWeighted>
      <UnitOfMeasure>100 גרם</UnitOfMeasure>
      <QtyInPackage>0</QtyInPackage>
      <ItemPrice>6.80</ItemPrice>
      <UnitOfMeasurePrice>0.85</UnitOfMeasurePrice>
      <AllowDiscount>1</AllowDiscount>
      <ItemStatus>1</ItemStatus>
    </Item>
    <Item>
      <PriceUpdateDate>2015-05-19 08:32</PriceUpdateDate>
      <ItemCode>7296073079903</ItemCode>
      <ItemType>1</ItemType>
      <ItemName>רוטב עגבניות 22%שופר100ג</ItemName>
      <ManufacturerName>פריניר</ManufacturerName>
      <ManufactureCountry>IL</ManufactureCountry>
      <ManufacturerItemDescription>רוטב עגבניות</ManufacturerItemDescription>
      <UnitQty>גרמים</UnitQty>
      <Quantity>100.00</Quantity>
      <bIsWeighted>0</bIsWeighted>
      <UnitOfMeasure>100 גרם</UnitOfMeasure>
      <QtyInPackage>0</QtyInPackage>
      <ItemPrice>1.90</ItemPrice>
      <UnitOfMeasurePrice>1.90</UnitOfMeasurePrice>
      <AllowDiscount>1</AllowDiscount>
      <ItemStatus>1</ItemStatus>
    </Item>
    <Item>
      <PriceUpdateDate>2015-09-30 08:08</PriceUpdateDate>
      <ItemCode>7296073080497</ItemCode>
      <ItemType>1</ItemType>
      <ItemName>שעועית אפויה שופרסל 580ג</ItemName>
      <ManufacturerName>פרי גליל</ManufacturerName>
      <ManufactureCountry>IL</ManufactureCountry>
      <ManufacturerItemDescription>שעועית אפויה</ManufacturerItemDescription>
      <UnitQty>גרמים</UnitQty>
      <Quantity>580.00</Quantity>
      <bIsWeighted>0</bIsWeighted>
      <UnitOfMeasure>100 גרם</UnitOfMeasure>
      <QtyInPackage>0</QtyInPackage>
      <ItemPrice>6.60</ItemPrice>
      <UnitOfMeasurePrice>1.14</UnitOfMeasurePrice>
      <AllowDiscount>1</AllowDiscount>
      <ItemStatus>1</ItemStatus>
    </Item>
    <Item>
      <PriceUpdateDate>2015-09-30 08:08</PriceUpdateDate>
      <ItemCode>7296073080503</ItemCode>
      <ItemType>1</ItemType>
      <ItemName>אפונה בינונית שופרסל550ג</ItemName>
      <ManufacturerName>פרי גליל</ManufacturerName>
      <ManufactureCountry>IL</ManufactureCountry>
      <ManufacturerItemDescription>אפונה בינונית</ManufacturerItemDescription>
      <UnitQty>גרמים</UnitQty>
      <Quantity>550.00</Quantity>
      <bIsWeighted>0</bIsWeighted>
      <UnitOfMeasure>100 גרם</UnitOfMeasure>
      <QtyInPackage>0</QtyInPackage>
      <ItemPrice>6.30</ItemPrice>
      <UnitOfMeasurePrice>1.15</UnitOfMeasurePrice>
      <AllowDiscount>1</AllowDiscount>
      <ItemStatus>1</ItemStatus>
    </Item>
    <Item>
      <PriceUpdateDate>2015-09-30 08:08</PriceUpdateDate>
      <ItemCode>7296073080510</ItemCode>
      <ItemType>1</ItemType>
      <ItemName>חומוס שלם שופרסל 560 גרם</ItemName>
      <ManufacturerName>פרי גליל</ManufacturerName>
      <ManufactureCountry>IL</ManufactureCountry>
      <ManufacturerItemDescription>חומוס שלם</ManufacturerItemDescription>
      <UnitQty>גרמים</UnitQty>
      <Quantity>560.00</Quantity>
      <bIsWeighted>0</bIsWeighted>
      <UnitOfMeasure>100 גרם</UnitOfMeasure>
      <QtyInPackage>0</QtyInPackage>
      <ItemPrice>6.10</ItemPrice>
      <UnitOfMeasurePrice>1.09</UnitOfMeasurePrice>
      <AllowDiscount>1</AllowDiscount>
      <ItemStatus>1</ItemStatus>
    </Item>
    <Item>
      <PriceUpdateDate>2015-09-30 08:08</PriceUpdateDate>
      <ItemCode>7296073080534</ItemCode>
      <ItemType>1</ItemType>
      <ItemName>תירס מתוק שופרסל 550 גרם</ItemName>
      <ManufacturerName>פרי גליל</ManufacturerName>
      <ManufactureCountry>IL</ManufactureCountry>
      <ManufacturerItemDescription>תירס גרעינים</ManufacturerItemDescription>
      <UnitQty>גרמים</UnitQty>
      <Quantity>550.00</Quantity>
      <bIsWeighted>0</bIsWeighted>
      <UnitOfMeasure>100 גרם</UnitOfMeasure>
      <QtyInPackage>0</QtyInPackage>
      <ItemPrice>6.30</ItemPrice>
      <UnitOfMeasurePrice>1.15</UnitOfMeasurePrice>
      <AllowDiscount>1</AllowDiscount>
      <ItemStatus>1</ItemStatus>
    </Item>
    <Item>
      <PriceUpdateDate>2015-09-30 08:08</PriceUpdateDate>
      <ItemCode>7296073080541</ItemCode>
      <ItemType>1</ItemType>
      <ItemName>אפונה וגזר שופרסל 550 גר</ItemName>
      <ManufacturerName>פרי גליל</ManufacturerName>
      <ManufactureCountry>IL</ManufactureCountry>
      <ManufacturerItemDescription>אפונה וגזר</ManufacturerItemDescription>
      <UnitQty>גרמים</UnitQty>
      <Quantity>550.00</Quantity>
      <bIsWeighted>0</bIsWeighted>
      <UnitOfMeasure>100 גרם</UnitOfMeasure>
      <QtyInPackage>0</QtyInPackage>
      <ItemPrice>6.10</ItemPrice>
      <UnitOfMeasurePrice>1.11</UnitOfMeasurePrice>
      <AllowDiscount>1</AllowDiscount>
      <ItemStatus>1</ItemStatus>
    </Item>
    <Item>
      <PriceUpdateDate>2016-06-21 07:10</PriceUpdateDate>
      <ItemCode>7296073081449</ItemCode>
      <ItemType>1</ItemType>
      <ItemName>פירורי לחם מוזהב שופר200</ItemName>
      <ManufacturerName>שופרסל</ManufacturerName>
      <ManufactureCountry>IL</ManufactureCountry>
      <ManufacturerItemDescription>פירורי לחם</ManufacturerItemDescription>
      <UnitQty>גרמים</UnitQty>
      <Quantity>200.00</Quantity>
      <bIsWeighted>0</bIsWeighted>
      <UnitOfMeasure>100 גרם</UnitOfMeasure>
      <QtyInPackage>0</QtyInPackage>
      <ItemPrice>4.20</ItemPrice>
      <UnitOfMeasurePrice>2.10</UnitOfMeasurePrice>
      <AllowDiscount>1</AllowDiscount>
      <ItemStatus>1</ItemStatus>
    </Item>
    <Item>
      <PriceUpdateDate>2017-02-07 07:16</PriceUpdateDate>
      <ItemCode>7296073087182</ItemCode>
      <ItemType>1</ItemType>
      <ItemName>ריבת מישמש שופרסל 370גרם</ItemName>
      <ManufacturerName>LTD 99 CIMA</ManufacturerName>
      <ManufactureCountry>BG</ManufactureCountry>
      <ManufacturerItemDescription>ריבת מישמש</ManufacturerItemDescription>
      <UnitQty>גרמים</UnitQty>
      <Quantity>370.00</Quantity>
      <bIsWeighted>0</bIsWeighted>
      <UnitOfMeasure>100 גרם</UnitOfMeasure>
      <QtyInPackage>0</QtyInPackage>
      <ItemPrice>11.00</ItemPrice>
      <UnitOfMeasurePrice>2.97</UnitOfMeasurePrice>
      <AllowDiscount>1</AllowDiscount>
      <ItemStatus>1</ItemStatus>
    </Item>
    <Item>
      <PriceUpdateDate>2017-02-07 07:16</PriceUpdateDate>
      <ItemCode>7296073087281</ItemCode>
      <ItemType>1</ItemType>
      <ItemName>קונפ.תות שדה שופרסל 370ג</ItemName>
      <ManufacturerName>LTD 99 CIMA</ManufacturerName>
      <ManufactureCountry>BG</ManufactureCountry>
      <ManufacturerItemDescription>קונפיטורת תות</ManufacturerItemDescription>
      <UnitQty>גרמים</UnitQty>
      <Quantity>370.00</Quantity>
      <bIsWeighted>0</bIsWeighted>
      <UnitOfMeasure>100 גרם</UnitOfMeasure>
      <QtyInPackage>0</QtyInPackage>
      <ItemPrice>13.50</ItemPrice>
      <UnitOfMeasurePrice>3.65</UnitOfMeasurePrice>
      <AllowDiscount>1</AllowDiscount>
      <ItemStatus>1</ItemStatus>
    </Item>
    <Item>
      <PriceUpdateDate>2015-09-30 08:04</PriceUpdateDate>
      <ItemCode>7296073091172</ItemCode>
      <ItemType>1</ItemType>
      <ItemName>פופקורן למיקרו ט.טבעי600</ItemName>
      <ManufacturerName>שופרסל</ManufacturerName>
      <ManufactureCountry>US</ManufactureCountry>
      <ManufacturerItemDescription>פופקורן למיקרו</ManufacturerItemDescription>
      <UnitQty>גרמים</UnitQty>
      <Quantity>600.00</Quantity>
      <bIsWeighted>0</bIsWeighted>
      <UnitOfMeasure>100 גרם</UnitOfMeasure>
      <QtyInPackage>0</QtyInPackage>
      <ItemPrice>14.80</ItemPrice>
      <UnitOfMeasurePrice>2.47</UnitOfMeasurePrice>
      <AllowDiscount>1</AllowDiscount>
      <ItemStatus>1</ItemStatus>
    </Item>
    <Item>
      <PriceUpdateDate>2015-09-30 08:04</PriceUpdateDate>
      <ItemCode>7296073091189</ItemCode>
      <ItemType>1</ItemType>
      <ItemName>פופקורן למיקרו ט.חמאה600</ItemName>
      <ManufacturerName>שופרסל</ManufacturerName>
      <ManufactureCountry>US</ManufactureCountry>
      <ManufacturerItemDescription>פופקורן למיקרו</ManufacturerItemDescription>
      <UnitQty>גרמים</UnitQty>
      <Quantity>600.00</Quantity>
      <bIsWeighted>0</bIsWeighted>
      <UnitOfMeasure>100 גרם</UnitOfMeasure>
      <QtyInPackage>0</QtyInPackage>
      <ItemPrice>14.80</ItemPrice>
      <UnitOfMeasurePrice>2.47</UnitOfMeasurePrice>
      <AllowDiscount>1</AllowDiscount>
      <ItemStatus>1</ItemStatus>
    </Item>
    <Item>
      <PriceUpdateDate>2018-12-06 09:58</PriceUpdateDate>
      <ItemCode>7296073091394</ItemCode>
      <ItemType>1</ItemType>
      <ItemName>גרעין דלעת קלוי במלח</ItemName>
      <ManufacturerName>ששון</ManufacturerName>
      <ManufactureCountry>IL</ManufactureCountry>
      <ManufacturerItemDescription>גרעין לבן קלוי</ManufacturerItemDescription>
      <UnitQty>גרמים</UnitQty>
      <Quantity>400.00</Quantity>
      <bIsWeighted>0</bIsWeighted>
      <UnitOfMeasure>100 גרם</UnitOfMeasure>
      <QtyInPackage>0</QtyInPackage>
      <ItemPrice>18.90</ItemPrice>
      <UnitOfMeasurePrice>4.73</UnitOfMeasurePrice>
      <AllowDiscount>1</AllowDiscount>
      <ItemStatus>1</ItemStatus>
    </Item>
    <Item>
      <PriceUpdateDate>2018-12-06 09:58</PriceUpdateDate>
      <ItemCode>7296073091417</ItemCode>
      <ItemType>1</ItemType>
      <ItemName>בוטן בקליפה קלוי וממולח</ItemName>
      <ManufacturerName>ששון</ManufacturerName>
      <ManufactureCountry>IL</ManufactureCountry>
      <ManufacturerItemDescription>בוטן בקליפה קלוי</ManufacturerItemDescription>
      <UnitQty>גרמים</UnitQty>
      <Quantity>400.00</Quantity>
      <bIsWeighted>0</bIsWeighted>
      <UnitOfMeasure>100 גרם</UnitOfMeasure>
      <QtyInPackage>0</QtyInPackage>
      <ItemPrice>18.90</ItemPrice>
      <UnitOfMeasurePrice>4.73</UnitOfMeasurePrice>
      <AllowDiscount>1</AllowDiscount>
      <ItemStatus>1</ItemStatus>
    </Item>
    <Item>
      <PriceUpdateDate>2020-10-10 18:30</PriceUpdateDate>
      <ItemCode>7296073091462</ItemCode>
      <ItemType>1</ItemType>
      <ItemName>פיסטוק קלוי וממולח</ItemName>
      <ManufacturerName>ששון</ManufacturerName>
      <ManufactureCountry>IL</ManufactureCountry>
      <ManufacturerItemDescription>פיסטוק קלוי</ManufacturerItemDescription>
      <UnitQty>גרמים</UnitQty>
      <Quantity>200.00</Quantity>
      <bIsWeighted>0</bIsWeighted>
      <UnitOfMeasure>100 גרם</UnitOfMeasure>
      <QtyInPackage>0</QtyInPackage>
      <ItemPrice>19.90</ItemPrice>
      <UnitOfMeasurePrice>9.95</UnitOfMeasurePrice>
      <AllowDiscount>1</AllowDiscount>
      <ItemStatus>1</ItemStatus>
    </Item>
    <Item>
      <PriceUpdateDate>2020-10-10 18:30</PriceUpdateDate>
      <ItemCode>7296073091479</ItemCode>
      <ItemType>1</ItemType>
      <ItemName>שקד קלוף קלוי וממולח</ItemName>
      <ManufacturerName>ששון</ManufacturerName>
      <ManufactureCountry>IL</ManufactureCountry>
      <ManufacturerItemDescription>שקד קלוף קלוי</ManufacturerItemDescription>
      <UnitQty>גרמים</UnitQty>
      <Quantity>200.00</Quantity>
      <bIsWeighted>0</bIsWeighted>
      <UnitOfMeasure>100 גרם</UnitOfMeasure>
      <QtyInPackage>0</QtyInPackage>
      <ItemPrice>15.90</ItemPrice>
      <UnitOfMeasurePrice>7.95</UnitOfMeasurePrice>
      <AllowDiscount>1</AllowDiscount>
      <ItemStatus>1</ItemStatus>
    </Item>
    <Item>
      <PriceUpdateDate>2020-10-10 18:30</PriceUpdateDate>
      <ItemCode>7296073091486</ItemCode>
      <ItemType>1</ItemType>
      <ItemName>אגוזי קשיו קלויים ומומלח</ItemName>
      <ManufacturerName>ששון</ManufacturerName>
      <ManufactureCountry>IL</ManufactureCountry>
      <ManufacturerItemDescription>קשיו קלוי ומומלח</ManufacturerItemDescription>
      <UnitQty>גרמים</UnitQty>
      <Quantity>200.00</Quantity>
      <bIsWeighted>0</bIsWeighted>
      <UnitOfMeasure>100 גרם</UnitOfMeasure>
      <QtyInPackage>0</QtyInPackage>
      <ItemPrice>19.90</ItemPrice>
      <UnitOfMeasurePrice>9.95</UnitOfMeasurePrice>
      <AllowDiscount>1</AllowDiscount>
      <ItemStatus>1</ItemStatus>
    </Item>
    <Item>
      <PriceUpdateDate>2015-09-30 08:02</PriceUpdateDate>
      <ItemCode>7296073091493</ItemCode>
      <ItemType>1</ItemType>
      <ItemName>גרעין חמניה קלוי וממולח</ItemName>
      <ManufacturerName>ששון</ManufacturerName>
      <ManufactureCountry>IL</ManufactureCountry>
      <ManufacturerItemDescription>גרעין שחור קלוי</ManufacturerItemDescription>
      <UnitQty>גרמים</UnitQty>
      <Quantity>200.00</Quantity>
      <bIsWeighted>0</bIsWeighted>
      <UnitOfMeasure>100 גרם</UnitOfMeasure>
      <QtyInPackage>0</QtyInPackage>
      <ItemPrice>7.80</ItemPrice>
      <UnitOfMeasurePrice>3.90</UnitOfMeasurePrice>
      <AllowDiscount>1</AllowDiscount>
      <ItemStatus>1</ItemStatus>
    </Item>
    <Item>
      <PriceUpdateDate>2017-07-30 09:51</PriceUpdateDate>
      <ItemCode>7296073091523</ItemCode>
      <ItemType>1</ItemType>
      <ItemName>משמש מיובש ללא גלעין400ג</ItemName>
      <ManufacturerName>ששון</ManufacturerName>
      <ManufactureCountry>IL</ManufactureCountry>
      <ManufacturerItemDescription>משמש מיובש</ManufacturerItemDescription>
      <UnitQty>גרמים</UnitQty>
      <Quantity>400.00</Quantity>
      <bIsWeighted>0</bIsWeighted>
      <UnitOfMeasure>100 גרם</UnitOfMeasure>
      <QtyInPackage>0</QtyInPackage>
      <ItemPrice>19.90</ItemPrice>
      <UnitOfMeasurePrice>4.98</UnitOfMeasurePrice>
      <AllowDiscount>1</AllowDiscount>
      <ItemStatus>1</ItemStatus>
    </Item>
    <Item>
      <PriceUpdateDate>2016-07-05 07:52</PriceUpdateDate>
      <ItemCode>7296073091547</ItemCode>
      <ItemType>1</ItemType>
      <ItemName>צימוקים בהירים 400גרם</ItemName>
      <ManufacturerName>ששון</ManufacturerName>
      <ManufactureCountry>IL</ManufactureCountry>
      <ManufacturerItemDescription>צימוק בהיר</ManufacturerItemDescription>
      <UnitQty>גרמים</UnitQty>
      <Quantity>400.00</Quantity>
      <bIsWeighted>0</bIsWeighted>
      <UnitOfMeasure>100 גרם</UnitOfMeasure>
      <QtyInPackage>0</QtyInPackage>
      <ItemPrice>22.90</ItemPrice>
      <UnitOfMeasurePrice>5.73</UnitOfMeasurePrice>
      <AllowDiscount>1</AllowDiscount>
      <ItemStatus>1</ItemStatus>
    </Item>
    <Item>
      <PriceUpdateDate>2016-01-05 08:15</PriceUpdateDate>
      <ItemCode>7296073091554</ItemCode>
      <ItemType>1</ItemType>
      <ItemName>צימוקים כהים 400גרם</ItemName>
      <ManufacturerName>ששון</ManufacturerName>
      <ManufactureCountry>ZA</ManufactureCountry>
      <ManufacturerItemDescription>צימוק כהה</ManufacturerItemDescription>
      <UnitQty>גרמים</UnitQty>
      <Quantity>400.00</Quantity>
      <bIsWeighted>0</bIsWeighted>
      <UnitOfMeasure>100 גרם</UnitOfMeasure>
      <QtyInPackage>0</QtyInPackage>
      <ItemPrice>18.90</ItemPrice>
      <UnitOfMeasurePrice>4.73</UnitOfMeasurePrice>
      <AllowDiscount>1</AllowDiscount>
      <ItemStatus>1</ItemStatus>
    </Item>
    <Item>
      <PriceUpdateDate>2020-10-10 18:30</PriceUpdateDate>
      <ItemCode>7296073091585</ItemCode>
      <ItemType>1</ItemType>
      <ItemName>שקדים קלופים טבעיים</ItemName>
      <ManufacturerName>ששון</ManufacturerName>
      <ManufactureCountry>IL</ManufactureCountry>
      <ManufacturerItemDescription>שקד קלוף טבעי</ManufacturerItemDescription>
      <UnitQty>גרמים</UnitQty>
      <Quantity>200.00</Quantity>
      <bIsWeighted>0</bIsWeighted>
      <UnitOfMeasure>100 גרם</UnitOfMeasure>
      <QtyInPackage>0</QtyInPackage>
      <ItemPrice>15.90</ItemPrice>
      <UnitOfMeasurePrice>7.95</UnitOfMeasurePrice>
      <AllowDiscount>1</AllowDiscount>
      <ItemStatus>1</ItemStatus>
    </Item>
    <Item>
      <PriceUpdateDate>2020-10-10 18:30</PriceUpdateDate>
      <ItemCode>7296073091646</ItemCode>
      <ItemType>1</ItemType>
      <ItemName>צנוברים קלופים</ItemName>
      <ManufacturerName>ששון</ManufacturerName>
      <ManufactureCountry>IL</ManufactureCountry>
      <ManufacturerItemDescription>צנוברים קלופים</ManufacturerItemDescription>
      <UnitQty>גרמים</UnitQty>
      <Quantity>100.00</Quantity>
      <bIsWeighted>0</bIsWeighted>
      <UnitOfMeasure>100 גרם</UnitOfMeasure>
      <QtyInPackage>0</QtyInPackage>
      <ItemPrice>18.90</ItemPrice>
      <UnitOfMeasurePrice>18.90</UnitOfMeasurePrice>
      <AllowDiscount>1</AllowDiscount>
      <ItemStatus>1</ItemStatus>
    </Item>
    <Item>
      <PriceUpdateDate>2018-01-15 14:47</PriceUpdateDate>
      <ItemCode>7296073091677</ItemCode>
      <ItemType>1</ItemType>
      <ItemName>חמוציות מיובשות 250ג</ItemName>
      <ManufacturerName>ששון</ManufacturerName>
      <ManufactureCountry>IL</ManufactureCountry>
      <ManufacturerItemDescription>חמוציות 250גרם</ManufacturerItemDescription>
      <UnitQty>גרמים</UnitQty>
      <Quantity>250.00</Quantity>
      <bIsWeighted>0</bIsWeighted>
      <UnitOfMeasure>100 גרם</UnitOfMeasure>
      <QtyInPackage>0</QtyInPackage>
      <ItemPrice>12.90</ItemPrice>
      <UnitOfMeasurePrice>5.16</UnitOfMeasurePrice>
      <AllowDiscount>1</AllowDiscount>
      <ItemStatus>1</ItemStatus>
    </Item>
    <Item>
      <PriceUpdateDate>2016-05-31 07:00</PriceUpdateDate>
      <ItemCode>7296073093169</ItemCode>
      <ItemType>1</ItemType>
      <ItemName>פלפל חריף שיפקה שופר540ג</ItemName>
      <ManufacturerName>שופרסל</ManufacturerName>
      <ManufactureCountry>IL</ManufactureCountry>
      <ManufacturerItemDescription>פלפל שיפקה</ManufacturerItemDescription>
      <UnitQty>גרמים</UnitQty>
      <Quantity>540.00</Quantity>
      <bIsWeighted>0</bIsWeighted>
      <UnitOfMeasure>100 גרם</UnitOfMeasure>
      <QtyInPackage>0</QtyInPackage>
      <ItemPrice>5.90</ItemPrice>
      <UnitOfMeasurePrice>1.09</UnitOfMeasurePrice>
      <AllowDiscount>1</AllowDiscount>
      <ItemStatus>1</ItemStatus>
    </Item>
    <Item>
      <PriceUpdateDate>2017-06-06 06:48</PriceUpdateDate>
      <ItemCode>7296073094746</ItemCode>
      <ItemType>1</ItemType>
      <ItemName>חלווה וניל שופרסל 400גרם</ItemName>
      <ManufacturerName>אחדות בע"מ א.ת. ברקן</ManufacturerName>
      <ManufactureCountry>IL</ManufactureCountry>
      <ManufacturerItemDescription>חלווה וניל</ManufacturerItemDescription>
      <UnitQty>גרמים</UnitQty>
      <Quantity>400.00</Quantity>
      <bIsWeighted>0</bIsWeighted>
      <UnitOfMeasure>100 גרם</UnitOfMeasure>
      <QtyInPackage>0</QtyInPackage>
      <ItemPrice>14.10</ItemPrice>
      <UnitOfMeasurePrice>3.53</UnitOfMeasurePrice>
      <AllowDiscount>1</AllowDiscount>
      <ItemStatus>1</ItemStatus>
    </Item>
    <Item>
      <PriceUpdateDate>2017-06-06 06:48</PriceUpdateDate>
      <ItemCode>7296073094753</ItemCode>
      <ItemType>1</ItemType>
      <ItemName>חלווה וניל שופרסל 500 גר</ItemName>
      <ManufacturerName>אחדות בע"מ א.ת. ברקן</ManufacturerName>
      <ManufactureCountry>IL</ManufactureCountry>
      <ManufacturerItemDescription>חלווה וניל</ManufacturerItemDescription>
      <UnitQty>גרמים</UnitQty>
      <Quantity>500.00</Quantity>
      <bIsWeighted>0</bIsWeighted>
      <UnitOfMeasure>100 גרם</UnitOfMeasure>
      <QtyInPackage>0</QtyInPackage>
      <ItemPrice>13.90</ItemPrice>
      <UnitOfMeasurePrice>2.78</UnitOfMeasurePrice>
      <AllowDiscount>1</AllowDiscount>
      <ItemStatus>1</ItemStatus>
    </Item>
    <Item>
      <PriceUpdateDate>2014-07-17 07:52</PriceUpdateDate>
      <ItemCode>7296073095583</ItemCode>
      <ItemType>1</ItemType>
      <ItemName>אצטון שופרסל 100 מ"ל</ItemName>
      <ManufacturerName>שופרסל</ManufacturerName>
      <ManufactureCountry>IL</ManufactureCountry>
      <ManufacturerItemDescription>אצטון שופרסל</ManufacturerItemDescription>
      <UnitQty>מיליליטרים</UnitQty>
      <Quantity>100.00</Quantity>
      <bIsWeighted>0</bIsWeighted>
      <UnitOfMeasure>100 מ"ל</UnitOfMeasure>
      <QtyInPackage>0</QtyInPackage>
      <ItemPrice>3.20</ItemPrice>
      <UnitOfMeasurePrice>3.20</UnitOfMeasurePrice>
      <AllowDiscount>1</AllowDiscount>
      <ItemStatus>1</ItemStatus>
    </Item>
    <Item>
      <PriceUpdateDate>2017-02-06 13:17</PriceUpdateDate>
      <ItemCode>7296073098263</ItemCode>
      <ItemType>1</ItemType>
      <ItemName>גזר גמדי מוקפא שופרסל800</ItemName>
      <ManufacturerName>פרי גליל</ManufacturerName>
      <ManufactureCountry>IL</ManufactureCountry>
      <ManufacturerItemDescription>גזר גמדי 800גר</ManufacturerItemDescription>
      <UnitQty>גרמים</UnitQty>
      <Quantity>800.00</Quantity>
      <bIsWeighted>0</bIsWeighted>
      <UnitOfMeasure>100 גרם</UnitOfMeasure>
      <QtyInPackage>0</QtyInPackage>
      <ItemPrice>16.90</ItemPrice>
      <UnitOfMeasurePrice>2.11</UnitOfMeasurePrice>
      <AllowDiscount>1</AllowDiscount>
      <ItemStatus>1</ItemStatus>
    </Item>
    <Item>
      <PriceUpdateDate>2015-09-30 08:01</PriceUpdateDate>
      <ItemCode>7296073098294</ItemCode>
      <ItemType>1</ItemType>
      <ItemName>ברוקולי מוקפא שופרסל 800</ItemName>
      <ManufacturerName>פרי גליל</ManufacturerName>
      <ManufactureCountry>IL</ManufactureCountry>
      <ManufacturerItemDescription>ברוקולי 800 גר</ManufacturerItemDescription>
      <UnitQty>גרמים</UnitQty>
      <Quantity>800.00</Quantity>
      <bIsWeighted>0</bIsWeighted>
      <UnitOfMeasure>100 גרם</UnitOfMeasure>
      <QtyInPackage>0</QtyInPackage>
      <ItemPrice>23.80</ItemPrice>
      <UnitOfMeasurePrice>2.98</UnitOfMeasurePrice>
      <AllowDiscount>1</AllowDiscount>
      <ItemStatus>1</ItemStatus>
    </Item>
    <Item>
      <PriceUpdateDate>2019-06-11 08:01</PriceUpdateDate>
      <ItemCode>7296073103813</ItemCode>
      <ItemType>1</ItemType>
      <ItemName>תפוח אדמה לבן ארוז</ItemName>
      <ManufacturerName>---</ManufacturerName>
      <ManufactureCountry>IL</ManufactureCountry>
      <ManufacturerItemDescription>תפו"א לבן ארוז</ManufacturerItemDescription>
      <UnitQty>קילוגרמים</UnitQty>
      <Quantity>0.00</Quantity>
      <bIsWeighted>1</bIsWeighted>
      <UnitOfMeasure>ק"ג</UnitOfMeasure>
      <QtyInPackage>0</QtyInPackage>
      <ItemPrice>4.90</ItemPrice>
      <UnitOfMeasurePrice>4.90</UnitOfMeasurePrice>
      <AllowDiscount>1</AllowDiscount>
      <ItemStatus>1</ItemStatus>
    </Item>
    <Item>
      <PriceUpdateDate>2018-02-12 08:52</PriceUpdateDate>
      <ItemCode>7296073103820</ItemCode>
      <ItemType>1</ItemType>
      <ItemName>תפוח אדמה לטיגון ארוז</ItemName>
      <ManufacturerName>---</ManufacturerName>
      <ManufactureCountry>IL</ManufactureCountry>
      <ManufacturerItemDescription>תפו"א לטיגון</ManufacturerItemDescription>
      <UnitQty>קילוגרמים</UnitQty>
      <Quantity>0.00</Quantity>
      <bIsWeighted>1</bIsWeighted>
      <UnitOfMeasure>ק"ג</UnitOfMeasure>
      <QtyInPackage>0</QtyInPackage>
      <ItemPrice>5.90</ItemPrice>
      <UnitOfMeasurePrice>5.90</UnitOfMeasurePrice>
      <AllowDiscount>1</AllowDiscount>
      <ItemStatus>1</ItemStatus>
    </Item>
    <Item>
      <PriceUpdateDate>2015-09-30 08:09</PriceUpdateDate>
      <ItemCode>7296073106098</ItemCode>
      <ItemType>1</ItemType>
      <ItemName>פריכיות דק.כוסמת שופר100</ItemName>
      <ManufacturerName>שופרסל</ManufacturerName>
      <ManufactureCountry>IL</ManufactureCountry>
      <ManufacturerItemDescription>פריכיות כוסמת</ManufacturerItemDescription>
      <UnitQty>גרמים</UnitQty>
      <Quantity>100.00</Quantity>
      <bIsWeighted>0</bIsWeighted>
      <UnitOfMeasure>100 גרם</UnitOfMeasure>
      <QtyInPackage>0</QtyInPackage>
      <ItemPrice>7.40</ItemPrice>
      <UnitOfMeasurePrice>7.40</UnitOfMeasurePrice>
      <AllowDiscount>1</AllowDiscount>
      <ItemStatus>1</ItemStatus>
    </Item>
    <Item>
      <PriceUpdateDate>2015-09-30 08:14</PriceUpdateDate>
      <ItemCode>7296073106258</ItemCode>
      <ItemType>1</ItemType>
      <ItemName>מטליות רצפה 3X</ItemName>
      <ManufacturerName />
      <ManufactureCountry>IL</ManufactureCountry>
      <ManufacturerItemDescription>מטליות רצפה 3X</ManufacturerItemDescription>
      <UnitQty>יחידה</UnitQty>
      <Quantity>1.00</Quantity>
      <bIsWeighted>0</bIsWeighted>
      <UnitOfMeasure>יחידה</UnitOfMeasure>
      <QtyInPackage>0</QtyInPackage>
      <ItemPrice>10.70</ItemPrice>
      <UnitOfMeasurePrice>10.70</UnitOfMeasurePrice>
      <AllowDiscount>1</AllowDiscount>
      <ItemStatus>1</ItemStatus>
    </Item>
    <Item>
      <PriceUpdateDate>2017-02-07 07:16</PriceUpdateDate>
      <ItemCode>7296073107392</ItemCode>
      <ItemType>1</ItemType>
      <ItemName>גרנולה צימוק שקד תפוח400</ItemName>
      <ManufacturerName>בריגן קי ג'י</ManufacturerName>
      <ManufactureCountry>DE</ManufactureCountry>
      <ManufacturerItemDescription>גרנולה שופרסל</ManufacturerItemDescription>
      <UnitQty>גרמים</UnitQty>
      <Quantity>400.00</Quantity>
      <bIsWeighted>0</bIsWeighted>
      <UnitOfMeasure>100 גרם</UnitOfMeasure>
      <QtyInPackage>0</QtyInPackage>
      <ItemPrice>16.90</ItemPrice>
      <UnitOfMeasurePrice>4.23</UnitOfMeasurePrice>
      <AllowDiscount>1</AllowDiscount>
      <ItemStatus>1</ItemStatus>
    </Item>
    <Item>
      <PriceUpdateDate>2015-09-30 08:01</PriceUpdateDate>
      <ItemCode>7296073107996</ItemCode>
      <ItemType>1</ItemType>
      <ItemName>פול ירוק שופרסל 800 גרם</ItemName>
      <ManufacturerName>פרי גליל</ManufacturerName>
      <ManufactureCountry>IL</ManufactureCountry>
      <ManufacturerItemDescription>פול ירוק</ManufacturerItemDescription>
      <UnitQty>גרמים</UnitQty>
      <Quantity>800.00</Quantity>
      <bIsWeighted>0</bIsWeighted>
      <UnitOfMeasure>100 גרם</UnitOfMeasure>
      <QtyInPackage>0</QtyInPackage>
      <ItemPrice>22.70</ItemPrice>
      <UnitOfMeasurePrice>2.84</UnitOfMeasurePrice>
      <AllowDiscount>1</AllowDiscount>
      <ItemStatus>1</ItemStatus>
    </Item>
    <Item>
      <PriceUpdateDate>2015-09-30 08:01</PriceUpdateDate>
      <ItemCode>7296073108061</ItemCode>
      <ItemType>1</ItemType>
      <ItemName>קלחי תירס שופרסל 1 קג</ItemName>
      <ManufacturerName>פרי גליל</ManufacturerName>
      <ManufactureCountry>IL</ManufactureCountry>
      <ManufacturerItemDescription>קלחי תירס 1קג</ManufacturerItemDescription>
      <UnitQty>קילוגרמים</UnitQty>
      <Quantity>1.00</Quantity>
      <bIsWeighted>0</bIsWeighted>
      <UnitOfMeasure>ק"ג</UnitOfMeasure>
      <QtyInPackage>0</QtyInPackage>
      <ItemPrice>18.70</ItemPrice>
      <UnitOfMeasurePrice>18.70</UnitOfMeasurePrice>
      <AllowDiscount>1</AllowDiscount>
      <ItemStatus>1</ItemStatus>
    </Item>
    <Item>
      <PriceUpdateDate>2018-11-15 10:01</PriceUpdateDate>
      <ItemCode>7296073108269</ItemCode>
      <ItemType>1</ItemType>
      <ItemName>עלי חסה ערבית שטופים</ItemName>
      <ManufacturerName>פרסקו</ManufacturerName>
      <ManufactureCountry>IL</ManufactureCountry>
      <ManufacturerItemDescription>עלי חסה ערבית</ManufacturerItemDescription>
      <UnitQty>גרמים</UnitQty>
      <Quantity>250.00</Quantity>
      <bIsWeighted>0</bIsWeighted>
      <UnitOfMeasure>100 גרם</UnitOfMeasure>
      <QtyInPackage>0</QtyInPackage>
      <ItemPrice>9.90</ItemPrice>
      <UnitOfMeasurePrice>3.96</UnitOfMeasurePrice>
      <AllowDiscount>1</AllowDiscount>
      <ItemStatus>1</ItemStatus>
    </Item>
    <Item>
      <PriceUpdateDate>2017-07-30 09:52</PriceUpdateDate>
      <ItemCode>7296073108344</ItemCode>
      <ItemType>1</ItemType>
      <ItemName>לקט קלאסי שטוף350גרם</ItemName>
      <ManufacturerName>פרסקו</ManufacturerName>
      <ManufactureCountry>IL</ManufactureCountry>
      <ManufacturerItemDescription>לקט קלאסי שטוף</ManufacturerItemDescription>
      <UnitQty>גרמים</UnitQty>
      <Quantity>350.00</Quantity>
      <bIsWeighted>0</bIsWeighted>
      <UnitOfMeasure>100 גרם</UnitOfMeasure>
      <QtyInPackage>0</QtyInPackage>
      <ItemPrice>10.50</ItemPrice>
      <UnitOfMeasurePrice>3.00</UnitOfMeasurePrice>
      <AllowDiscount>1</AllowDiscount>
      <ItemStatus>1</ItemStatus>
    </Item>
    <Item>
      <PriceUpdateDate>2017-07-30 09:52</PriceUpdateDate>
      <ItemCode>7296073108351</ItemCode>
      <ItemType>1</ItemType>
      <ItemName>חסה אייסברג שטופה 300גרם</ItemName>
      <ManufacturerName>פרסקו</ManufacturerName>
      <ManufactureCountry>IL</ManufactureCountry>
      <ManufacturerItemDescription>חסה אייסברג שטוף</ManufacturerItemDescription>
      <UnitQty>גרמים</UnitQty>
      <Quantity>300.00</Quantity>
      <bIsWeighted>0</bIsWeighted>
      <UnitOfMeasure>100 גרם</UnitOfMeasure>
      <QtyInPackage>0</QtyInPackage>
      <ItemPrice>9.90</ItemPrice>
      <UnitOfMeasurePrice>3.30</UnitOfMeasurePrice>
      <AllowDiscount>1</AllowDiscount>
      <ItemStatus>1</ItemStatus>
    </Item>
    <Item>
      <PriceUpdateDate>2017-07-30 09:52</PriceUpdateDate>
      <ItemCode>7296073108368</ItemCode>
      <ItemType>1</ItemType>
      <ItemName>לקט הגינה שטוף 300גרם</ItemName>
      <ManufacturerName>---</ManufacturerName>
      <ManufactureCountry>IL</ManufactureCountry>
      <ManufacturerItemDescription>לקט הגינה שטוף</ManufacturerItemDescription>
      <UnitQty>גרמים</UnitQty>
      <Quantity>300.00</Quantity>
      <bIsWeighted>0</bIsWeighted>
      <UnitOfMeasure>100 גרם</UnitOfMeasure>
      <QtyInPackage>0</QtyInPackage>
      <ItemPrice>10.50</ItemPrice>
      <UnitOfMeasurePrice>3.50</UnitOfMeasurePrice>
      <AllowDiscount>1</AllowDiscount>
      <ItemStatus>1</ItemStatus>
    </Item>
    <Item>
      <PriceUpdateDate>2017-07-04 06:51</PriceUpdateDate>
      <ItemCode>7296073109822</ItemCode>
      <ItemType>1</ItemType>
      <ItemName>תמר מג'הול מעולה</ItemName>
      <ManufacturerName>הדיקלאים</ManufacturerName>
      <ManufactureCountry>IL</ManufactureCountry>
      <ManufacturerItemDescription>תמר מג'הול</ManufacturerItemDescription>
      <UnitQty>גרמים</UnitQty>
      <Quantity>400.00</Quantity>
      <bIsWeighted>0</bIsWeighted>
      <UnitOfMeasure>100 גרם</UnitOfMeasure>
      <QtyInPackage>0</QtyInPackage>
      <ItemPrice>13.90</ItemPrice>
      <UnitOfMeasurePrice>3.48</UnitOfMeasurePrice>
      <AllowDiscount>1</AllowDiscount>
      <ItemStatus>1</ItemStatus>
    </Item>
    <Item>
      <PriceUpdateDate>2015-09-30 08:14</PriceUpdateDate>
      <ItemCode>7296073112617</ItemCode>
      <ItemType>1</ItemType>
      <ItemName>6 ספוג.לניקוי מופלא שופר</ItemName>
      <ManufacturerName>שופרסל</ManufacturerName>
      <ManufactureCountry>DE</ManufactureCountry>
      <ManufacturerItemDescription>ספוגית ניקוי</ManufacturerItemDescription>
      <UnitQty>יחידה</UnitQty>
      <Quantity>1.00</Quantity>
      <bIsWeighted>0</bIsWeighted>
      <UnitOfMeasure>יחידה</UnitOfMeasure>
      <QtyInPackage>0</QtyInPackage>
      <ItemPrice>9.80</ItemPrice>
      <UnitOfMeasurePrice>9.80</UnitOfMeasurePrice>
      <AllowDiscount>1</AllowDiscount>
      <ItemStatus>1</ItemStatus>
    </Item>
    <Item>
      <PriceUpdateDate>2019-12-10 07:34</PriceUpdateDate>
      <ItemCode>7296073113256</ItemCode>
      <ItemType>1</ItemType>
      <ItemName>חרדל דיזון+גרגיר.שופר370</ItemName>
      <ManufacturerName>שופרסל</ManufacturerName>
      <ManufactureCountry>FR</ManufactureCountry>
      <ManufacturerItemDescription>חרדל דיז'ון</ManufacturerItemDescription>
      <UnitQty>גרמים</UnitQty>
      <Quantity>370.00</Quantity>
      <bIsWeighted>0</bIsWeighted>
      <UnitOfMeasure>100 גרם</UnitOfMeasure>
      <QtyInPackage>0</QtyInPackage>
      <ItemPrice>8.90</ItemPrice>
      <UnitOfMeasurePrice>2.41</UnitOfMeasurePrice>
      <AllowDiscount>1</AllowDiscount>
      <ItemStatus>1</ItemStatus>
    </Item>
    <Item>
      <PriceUpdateDate>2014-07-21 07:22</PriceUpdateDate>
      <ItemCode>7296073115762</ItemCode>
      <ItemType>1</ItemType>
      <ItemName>קורנפלור שופרסל 200 גרם</ItemName>
      <ManufacturerName>שופרסל</ManufacturerName>
      <ManufactureCountry>IL</ManufactureCountry>
      <ManufacturerItemDescription>קורנפלור</ManufacturerItemDescription>
      <UnitQty>גרמים</UnitQty>
      <Quantity>200.00</Quantity>
      <bIsWeighted>0</bIsWeighted>
      <UnitOfMeasure>100 גרם</UnitOfMeasure>
      <QtyInPackage>0</QtyInPackage>
      <ItemPrice>4.00</ItemPrice>
      <UnitOfMeasurePrice>2.00</UnitOfMeasurePrice>
      <AllowDiscount>1</AllowDiscount>
      <ItemStatus>1</ItemStatus>
    </Item>
    <Item>
      <PriceUpdateDate>2014-07-21 07:22</PriceUpdateDate>
      <ItemCode>7296073116769</ItemCode>
      <ItemType>1</ItemType>
      <ItemName>קוקוס טחון שופרסל 100גרם</ItemName>
      <ManufacturerName>מיה</ManufacturerName>
      <ManufactureCountry>IL</ManufactureCountry>
      <ManufacturerItemDescription>קוקוס טחון</ManufacturerItemDescription>
      <UnitQty>גרמים</UnitQty>
      <Quantity>100.00</Quantity>
      <bIsWeighted>0</bIsWeighted>
      <UnitOfMeasure>100 גרם</UnitOfMeasure>
      <QtyInPackage>0</QtyInPackage>
      <ItemPrice>4.40</ItemPrice>
      <UnitOfMeasurePrice>4.40</UnitOfMeasurePrice>
      <AllowDiscount>1</AllowDiscount>
      <ItemStatus>1</ItemStatus>
    </Item>
    <Item>
      <PriceUpdateDate>2017-07-04 09:43</PriceUpdateDate>
      <ItemCode>7296073116783</ItemCode>
      <ItemType>1</ItemType>
      <ItemName>שומשום שופרסל 100 גרם</ItemName>
      <ManufacturerName>מיה</ManufacturerName>
      <ManufactureCountry>IL</ManufactureCountry>
      <ManufacturerItemDescription>שומשום שופרסל</ManufacturerItemDescription>
      <UnitQty>גרמים</UnitQty>
      <Quantity>100.00</Quantity>
      <bIsWeighted>0</bIsWeighted>
      <UnitOfMeasure>100 גרם</UnitOfMeasure>
      <QtyInPackage>0</QtyInPackage>
      <ItemPrice>4.20</ItemPrice>
      <UnitOfMeasurePrice>4.20</UnitOfMeasurePrice>
      <AllowDiscount>1</AllowDiscount>
      <ItemStatus>1</ItemStatus>
    </Item>
    <Item>
      <PriceUpdateDate>2017-06-20 12:18</PriceUpdateDate>
      <ItemCode>7296073117865</ItemCode>
      <ItemType>1</ItemType>
      <ItemName>טבעות זיתים מושחר 560 גר</ItemName>
      <ManufacturerName>קבוצת יבנה מוצרי מזון</ManufacturerName>
      <ManufactureCountry>IL</ManufactureCountry>
      <ManufacturerItemDescription>טבעות זיתים</ManufacturerItemDescription>
      <UnitQty>גרמים</UnitQty>
      <Quantity>560.00</Quantity>
      <bIsWeighted>0</bIsWeighted>
      <UnitOfMeasure>100 גרם</UnitOfMeasure>
      <QtyInPackage>0</QtyInPackage>
      <ItemPrice>9.30</ItemPrice>
      <UnitOfMeasurePrice>1.66</UnitOfMeasurePrice>
      <AllowDiscount>1</AllowDiscount>
      <ItemStatus>1</ItemStatus>
    </Item>
    <Item>
      <PriceUpdateDate>2015-04-14 06:57</PriceUpdateDate>
      <ItemCode>7296073121176</ItemCode>
      <ItemType>1</ItemType>
      <ItemName>תמר חלאוי 400ג שופרסל</ItemName>
      <ManufacturerName>הדיקלאים</ManufacturerName>
      <ManufactureCountry>IL</ManufactureCountry>
      <ManufacturerItemDescription>תמר חלאוי400גרם</ManufacturerItemDescription>
      <UnitQty>גרמים</UnitQty>
      <Quantity>400.00</Quantity>
      <bIsWeighted>0</bIsWeighted>
      <UnitOfMeasure>100 גרם</UnitOfMeasure>
      <QtyInPackage>0</QtyInPackage>
      <ItemPrice>13.90</ItemPrice>
      <UnitOfMeasurePrice>3.48</UnitOfMeasurePrice>
      <AllowDiscount>1</AllowDiscount>
      <ItemStatus>1</ItemStatus>
    </Item>
    <Item>
      <PriceUpdateDate>2018-08-27 12:54</PriceUpdateDate>
      <ItemCode>7296073122296</ItemCode>
      <ItemType>1</ItemType>
      <ItemName>פסטרמה מסורתית שופר300.ג</ItemName>
      <ManufacturerName>---</ManufacturerName>
      <ManufactureCountry>IL</ManufactureCountry>
      <ManufacturerItemDescription>פסטרמה מסורתית</ManufacturerItemDescription>
      <UnitQty>גרמים</UnitQty>
      <Quantity>300.00</Quantity>
      <bIsWeighted>0</bIsWeighted>
      <UnitOfMeasure>100 גרם</UnitOfMeasure>
      <QtyInPackage>0</QtyInPackage>
      <ItemPrice>22.90</ItemPrice>
      <UnitOfMeasurePrice>7.63</UnitOfMeasurePrice>
      <AllowDiscount>1</AllowDiscount>
      <ItemStatus>1</ItemStatus>
    </Item>
    <Item>
      <PriceUpdateDate>2014-07-21 07:22</PriceUpdateDate>
      <ItemCode>7296073123712</ItemCode>
      <ItemType>1</ItemType>
      <ItemName>תמצית רום שופרסל 50 מ"ל</ItemName>
      <ManufacturerName>מיה</ManufacturerName>
      <ManufactureCountry>IL</ManufactureCountry>
      <ManufacturerItemDescription>תמצית רום</ManufacturerItemDescription>
      <UnitQty>מיליליטרים</UnitQty>
      <Quantity>50.00</Quantity>
      <bIsWeighted>0</bIsWeighted>
      <UnitOfMeasure>100 מ"ל</UnitOfMeasure>
      <QtyInPackage>0</QtyInPackage>
      <ItemPrice>4.40</ItemPrice>
      <UnitOfMeasurePrice>8.80</UnitOfMeasurePrice>
      <AllowDiscount>1</AllowDiscount>
      <ItemStatus>1</ItemStatus>
    </Item>
    <Item>
      <PriceUpdateDate>2014-07-21 07:22</PriceUpdateDate>
      <ItemCode>7296073123729</ItemCode>
      <ItemType>1</ItemType>
      <ItemName>תמצית וניל שופרסל 50 מ"ל</ItemName>
      <ManufacturerName>מיה</ManufacturerName>
      <ManufactureCountry>IL</ManufactureCountry>
      <ManufacturerItemDescription>תמצית וניל</ManufacturerItemDescription>
      <UnitQty>מיליליטרים</UnitQty>
      <Quantity>50.00</Quantity>
      <bIsWeighted>0</bIsWeighted>
      <UnitOfMeasure>100 מ"ל</UnitOfMeasure>
      <QtyInPackage>0</QtyInPackage>
      <ItemPrice>4.40</ItemPrice>
      <UnitOfMeasurePrice>8.80</UnitOfMeasurePrice>
      <AllowDiscount>1</AllowDiscount>
      <ItemStatus>1</ItemStatus>
    </Item>
    <Item>
      <PriceUpdateDate>2017-04-18 06:40</PriceUpdateDate>
      <ItemCode>7296073124160</ItemCode>
      <ItemType>1</ItemType>
      <ItemName>שום קפוא מגשית שופרסל 80</ItemName>
      <ManufacturerName>שופרסל</ManufacturerName>
      <ManufactureCountry>IL</ManufactureCountry>
      <ManufacturerItemDescription>שום קפוא מגשית</ManufacturerItemDescription>
      <UnitQty>גרמים</UnitQty>
      <Quantity>80.00</Quantity>
      <bIsWeighted>0</bIsWeighted>
      <UnitOfMeasure>100 גרם</UnitOfMeasure>
      <QtyInPackage>0</QtyInPackage>
      <ItemPrice>12.90</ItemPrice>
      <UnitOfMeasurePrice>16.13</UnitOfMeasurePrice>
      <AllowDiscount>1</AllowDiscount>
      <ItemStatus>1</ItemStatus>
    </Item>
    <Item>
      <PriceUpdateDate>2014-07-21 07:13</PriceUpdateDate>
      <ItemCode>7296073124399</ItemCode>
      <ItemType>1</ItemType>
      <ItemName>ספגטי מספר 5 שופרסל 500ג</ItemName>
      <ManufacturerName>שופרסל</ManufacturerName>
      <ManufactureCountry>IT</ManufactureCountry>
      <ManufacturerItemDescription>ספגטי מס' 5</ManufacturerItemDescription>
      <UnitQty>גרמים</UnitQty>
      <Quantity>500.00</Quantity>
      <bIsWeighted>0</bIsWeighted>
      <UnitOfMeasure>100 גרם</UnitOfMeasure>
      <QtyInPackage>0</QtyInPackage>
      <ItemPrice>4.90</ItemPrice>
      <UnitOfMeasurePrice>0.98</UnitOfMeasurePrice>
      <AllowDiscount>1</AllowDiscount>
      <ItemStatus>1</ItemStatus>
    </Item>
    <Item>
      <PriceUpdateDate>2017-06-20 12:18</PriceUpdateDate>
      <ItemCode>7296073125303</ItemCode>
      <ItemType>1</ItemType>
      <ItemName>מלפפונים בחומץ 7-9 540גר</ItemName>
      <ManufacturerName>שופרסל</ManufacturerName>
      <ManufactureCountry>IL</ManufactureCountry>
      <ManufacturerItemDescription>מלפפונים בחומץ</ManufacturerItemDescription>
      <UnitQty>גרמים</UnitQty>
      <Quantity>540.00</Quantity>
      <bIsWeighted>0</bIsWeighted>
      <UnitOfMeasure>100 גרם</UnitOfMeasure>
      <QtyInPackage>0</QtyInPackage>
      <ItemPrice>7.50</ItemPrice>
      <UnitOfMeasurePrice>1.39</UnitOfMeasurePrice>
      <AllowDiscount>1</AllowDiscount>
      <ItemStatus>1</ItemStatus>
    </Item>
    <Item>
      <PriceUpdateDate>2017-06-20 12:18</PriceUpdateDate>
      <ItemCode>7296073125334</ItemCode>
      <ItemType>1</ItemType>
      <ItemName>מלפפונים בחומץ13-17 540ג</ItemName>
      <ManufacturerName>קבוצת יבנה מוצרי מזון</ManufacturerName>
      <ManufactureCountry>IL</ManufactureCountry>
      <ManufacturerItemDescription>מלפפונים בחומץ</ManufacturerItemDescription>
      <UnitQty>גרמים</UnitQty>
      <Quantity>540.00</Quantity>
      <bIsWeighted>0</bIsWeighted>
      <UnitOfMeasure>100 גרם</UnitOfMeasure>
      <QtyInPackage>0</QtyInPackage>
      <ItemPrice>10.90</ItemPrice>
      <UnitOfMeasurePrice>2.02</UnitOfMeasurePrice>
      <AllowDiscount>1</AllowDiscount>
      <ItemStatus>1</ItemStatus>
    </Item>
    <Item>
      <PriceUpdateDate>2017-06-20 12:18</PriceUpdateDate>
      <ItemCode>7296073125358</ItemCode>
      <ItemType>1</ItemType>
      <ItemName>מלפפ.במלח7-9שופר560ג20%+</ItemName>
      <ManufacturerName>---</ManufacturerName>
      <ManufactureCountry>IL</ManufactureCountry>
      <ManufacturerItemDescription>מלפפונים במלח</ManufacturerItemDescription>
      <UnitQty>גרמים</UnitQty>
      <Quantity>650.00</Quantity>
      <bIsWeighted>0</bIsWeighted>
      <UnitOfMeasure>100 גרם</UnitOfMeasure>
      <QtyInPackage>0</QtyInPackage>
      <ItemPrice>7.50</ItemPrice>
      <UnitOfMeasurePrice>1.15</UnitOfMeasurePrice>
      <AllowDiscount>1</AllowDiscount>
      <ItemStatus>1</ItemStatus>
    </Item>
    <Item>
      <PriceUpdateDate>2015-09-30 08:04</PriceUpdateDate>
      <ItemCode>7296073125822</ItemCode>
      <ItemType>1</ItemType>
      <ItemName>שמן חמניות שופרסל 1 ליטר</ItemName>
      <ManufacturerName>NV AOR</ManufacturerName>
      <ManufactureCountry>BE</ManufactureCountry>
      <ManufacturerItemDescription>שמן חמניות</ManufacturerItemDescription>
      <UnitQty>ליטרים</UnitQty>
      <Quantity>1.00</Quantity>
      <bIsWeighted>0</bIsWeighted>
      <UnitOfMeasure>ליטר</UnitOfMeasure>
      <QtyInPackage>0</QtyInPackage>
      <ItemPrice>12.90</ItemPrice>
      <UnitOfMeasurePrice>12.90</UnitOfMeasurePrice>
      <AllowDiscount>1</AllowDiscount>
      <ItemStatus>1</ItemStatus>
    </Item>
    <Item>
      <PriceUpdateDate>2016-04-05 08:34</PriceUpdateDate>
      <ItemCode>7296073125884</ItemCode>
      <ItemType>1</ItemType>
      <ItemName>שמן סויה שופרסל 1 ליטר</ItemName>
      <ManufacturerName>NV AOR</ManufacturerName>
      <ManufactureCountry>BE</ManufactureCountry>
      <ManufacturerItemDescription>שמן סויה</ManufacturerItemDescription>
      <UnitQty>ליטרים</UnitQty>
      <Quantity>1.00</Quantity>
      <bIsWeighted>0</bIsWeighted>
      <UnitOfMeasure>ליטר</UnitOfMeasure>
      <QtyInPackage>0</QtyInPackage>
      <ItemPrice>7.90</ItemPrice>
      <UnitOfMeasurePrice>7.90</UnitOfMeasurePrice>
      <AllowDiscount>1</AllowDiscount>
      <ItemStatus>1</ItemStatus>
    </Item>
    <Item>
      <PriceUpdateDate>2016-06-21 07:10</PriceUpdateDate>
      <ItemCode>7296073129431</ItemCode>
      <ItemType>1</ItemType>
      <ItemName>פתיתים קוסקוס שופרסל500ג</ItemName>
      <ManufacturerName>אסיף תעשיות מזון</ManufacturerName>
      <ManufactureCountry>IL</ManufactureCountry>
      <ManufacturerItemDescription>פתיתים קוסקוס</ManufacturerItemDescription>
      <UnitQty>גרמים</UnitQty>
      <Quantity>500.00</Quantity>
      <bIsWeighted>0</bIsWeighted>
      <UnitOfMeasure>100 גרם</UnitOfMeasure>
      <QtyInPackage>0</QtyInPackage>
      <ItemPrice>5.20</ItemPrice>
      <UnitOfMeasurePrice>1.04</UnitOfMeasurePrice>
      <AllowDiscount>1</AllowDiscount>
      <ItemStatus>1</ItemStatus>
    </Item>
    <Item>
      <PriceUpdateDate>2016-06-21 07:10</PriceUpdateDate>
      <ItemCode>7296073129455</ItemCode>
      <ItemType>1</ItemType>
      <ItemName>פתיתים אורז שופרסל 500גר</ItemName>
      <ManufacturerName>אסיף תעשיות מזון</ManufacturerName>
      <ManufactureCountry>IL</ManufactureCountry>
      <ManufacturerItemDescription>פתיתים אורז</ManufacturerItemDescription>
      <UnitQty>גרמים</UnitQty>
      <Quantity>500.00</Quantity>
      <bIsWeighted>0</bIsWeighted>
      <UnitOfMeasure>100 גרם</UnitOfMeasure>
      <QtyInPackage>0</QtyInPackage>
      <ItemPrice>5.20</ItemPrice>
      <UnitOfMeasurePrice>1.04</UnitOfMeasurePrice>
      <AllowDiscount>1</AllowDiscount>
      <ItemStatus>1</ItemStatus>
    </Item>
    <Item>
      <PriceUpdateDate>2015-09-30 08:04</PriceUpdateDate>
      <ItemCode>7296073129547</ItemCode>
      <ItemType>1</ItemType>
      <ItemName>קנולה כבישה קרה שופרסל1ל</ItemName>
      <ManufacturerName>NV AOR</ManufacturerName>
      <ManufactureCountry>BE</ManufactureCountry>
      <ManufacturerItemDescription>שמן קנולה</ManufacturerItemDescription>
      <UnitQty>ליטרים</UnitQty>
      <Quantity>1.00</Quantity>
      <bIsWeighted>0</bIsWeighted>
      <UnitOfMeasure>ליטר</UnitOfMeasure>
      <QtyInPackage>0</QtyInPackage>
      <ItemPrice>15.10</ItemPrice>
      <UnitOfMeasurePrice>15.10</UnitOfMeasurePrice>
      <AllowDiscount>1</AllowDiscount>
      <ItemStatus>1</ItemStatus>
    </Item>
    <Item>
      <PriceUpdateDate>2017-02-07 07:16</PriceUpdateDate>
      <ItemCode>7296073130499</ItemCode>
      <ItemType>1</ItemType>
      <ItemName>מיץ לימון שופרסל 200 מ"ל</ItemName>
      <ManufacturerName>סי פרווידר</ManufacturerName>
      <ManufactureCountry>IT</ManufactureCountry>
      <ManufacturerItemDescription>מיץ לימון שופרסל</ManufacturerItemDescription>
      <UnitQty>מיליליטרים</UnitQty>
      <Quantity>200.00</Quantity>
      <bIsWeighted>0</bIsWeighted>
      <UnitOfMeasure>100 מ"ל</UnitOfMeasure>
      <QtyInPackage>0</QtyInPackage>
      <ItemPrice>6.40</ItemPrice>
      <UnitOfMeasurePrice>3.20</UnitOfMeasurePrice>
      <AllowDiscount>1</AllowDiscount>
      <ItemStatus>1</ItemStatus>
    </Item>
    <Item>
      <PriceUpdateDate>2015-09-30 08:04</PriceUpdateDate>
      <ItemCode>7296073132448</ItemCode>
      <ItemType>1</ItemType>
      <ItemName>שמן תירס שופרסל 1 ליטר</ItemName>
      <ManufacturerName>NV AOR</ManufacturerName>
      <ManufactureCountry>BE</ManufactureCountry>
      <ManufacturerItemDescription>שמן תירס שופרסל</ManufacturerItemDescription>
      <UnitQty>ליטרים</UnitQty>
      <Quantity>1.00</Quantity>
      <bIsWeighted>0</bIsWeighted>
      <UnitOfMeasure>ליטר</UnitOfMeasure>
      <QtyInPackage>0</QtyInPackage>
      <ItemPrice>14.80</ItemPrice>
      <UnitOfMeasurePrice>14.80</UnitOfMeasurePrice>
      <AllowDiscount>1</AllowDiscount>
      <ItemStatus>1</ItemStatus>
    </Item>
    <Item>
      <PriceUpdateDate>2015-09-30 08:08</PriceUpdateDate>
      <ItemCode>7296073132462</ItemCode>
      <ItemType>1</ItemType>
      <ItemName>לבבות דקל חתוכ.שופר400.ג</ItemName>
      <ManufacturerName>אינדוסטריה אגריקולה</ManufacturerName>
      <ManufactureCountry>EC</ManufactureCountry>
      <ManufacturerItemDescription>לבבות דקל</ManufacturerItemDescription>
      <UnitQty>גרמים</UnitQty>
      <Quantity>400.00</Quantity>
      <bIsWeighted>0</bIsWeighted>
      <UnitOfMeasure>100 גרם</UnitOfMeasure>
      <QtyInPackage>0</QtyInPackage>
      <ItemPrice>9.30</ItemPrice>
      <UnitOfMeasurePrice>2.33</UnitOfMeasurePrice>
      <AllowDiscount>1</AllowDiscount>
      <ItemStatus>1</ItemStatus>
    </Item>
    <Item>
      <PriceUpdateDate>2017-06-20 12:18</PriceUpdateDate>
      <ItemCode>7296073132806</ItemCode>
      <ItemType>1</ItemType>
      <ItemName>חרוזי זיתים שופרסל560גרם</ItemName>
      <ManufacturerName>קבוצת יבנה מוצרי מזון</ManufacturerName>
      <ManufactureCountry>IL</ManufactureCountry>
      <ManufacturerItemDescription>חרוזי זיתים</ManufacturerItemDescription>
      <UnitQty>גרמים</UnitQty>
      <Quantity>560.00</Quantity>
      <bIsWeighted>0</bIsWeighted>
      <UnitOfMeasure>100 גרם</UnitOfMeasure>
      <QtyInPackage>0</QtyInPackage>
      <ItemPrice>9.80</ItemPrice>
      <UnitOfMeasurePrice>1.75</UnitOfMeasurePrice>
      <AllowDiscount>1</AllowDiscount>
      <ItemStatus>1</ItemStatus>
    </Item>
    <Item>
      <PriceUpdateDate>2020-04-06 11:03</PriceUpdateDate>
      <ItemCode>7296073132820</ItemCode>
      <ItemType>1</ItemType>
      <ItemName>סלק בואקום 500 גרם</ItemName>
      <ManufacturerName>שופרסל</ManufacturerName>
      <ManufactureCountry>ES</ManufactureCountry>
      <ManufacturerItemDescription>סלק בואקום 500ג</ManufacturerItemDescription>
      <UnitQty>גרמים</UnitQty>
      <Quantity>500.00</Quantity>
      <bIsWeighted>0</bIsWeighted>
      <UnitOfMeasure>100 גרם</UnitOfMeasure>
      <QtyInPackage>0</QtyInPackage>
      <ItemPrice>8.90</ItemPrice>
      <UnitOfMeasurePrice>1.78</UnitOfMeasurePrice>
      <AllowDiscount>1</AllowDiscount>
      <ItemStatus>1</ItemStatus>
    </Item>
    <Item>
      <PriceUpdateDate>2018-01-30 11:39</PriceUpdateDate>
      <ItemCode>7296073132936</ItemCode>
      <ItemType>1</ItemType>
      <ItemName>עוגת מאפין שיש שופרסל400</ItemName>
      <ManufacturerName>גידרון</ManufacturerName>
      <ManufactureCountry>IL</ManufactureCountry>
      <ManufacturerItemDescription>עוגת מאפין</ManufacturerItemDescription>
      <UnitQty>גרמים</UnitQty>
      <Quantity>400.00</Quantity>
      <bIsWeighted>0</bIsWeighted>
      <UnitOfMeasure>100 גרם</UnitOfMeasure>
      <QtyInPackage>0</QtyInPackage>
      <ItemPrice>11.90</ItemPrice>
      <UnitOfMeasurePrice>2.98</UnitOfMeasurePrice>
      <AllowDiscount>1</AllowDiscount>
      <ItemStatus>1</ItemStatus>
    </Item>
    <Item>
      <PriceUpdateDate>2018-01-30 11:39</PriceUpdateDate>
      <ItemCode>7296073132943</ItemCode>
      <ItemType>1</ItemType>
      <ItemName>עוגת מאפין שוק.שופרסל400</ItemName>
      <ManufacturerName>גידרון</ManufacturerName>
      <ManufactureCountry>IL</ManufactureCountry>
      <ManufacturerItemDescription>עוגת מאפין</ManufacturerItemDescription>
      <UnitQty>גרמים</UnitQty>
      <Quantity>400.00</Quantity>
      <bIsWeighted>0</bIsWeighted>
      <UnitOfMeasure>100 גרם</UnitOfMeasure>
      <QtyInPackage>0</QtyInPackage>
      <ItemPrice>11.90</ItemPrice>
      <UnitOfMeasurePrice>2.98</UnitOfMeasurePrice>
      <AllowDiscount>1</AllowDiscount>
      <ItemStatus>1</ItemStatus>
    </Item>
    <Item>
      <PriceUpdateDate>2018-01-30 11:39</PriceUpdateDate>
      <ItemCode>7296073132950</ItemCode>
      <ItemType>1</ItemType>
      <ItemName>עוגת מאפין וניל שופר400ג</ItemName>
      <ManufacturerName>גידרון</ManufacturerName>
      <ManufactureCountry>IL</ManufactureCountry>
      <ManufacturerItemDescription>עוגת מאפין</ManufacturerItemDescription>
      <UnitQty>גרמים</UnitQty>
      <Quantity>400.00</Quantity>
      <bIsWeighted>0</bIsWeighted>
      <UnitOfMeasure>100 גרם</UnitOfMeasure>
      <QtyInPackage>0</QtyInPackage>
      <ItemPrice>11.90</ItemPrice>
      <UnitOfMeasurePrice>2.98</UnitOfMeasurePrice>
      <AllowDiscount>1</AllowDiscount>
      <ItemStatus>1</ItemStatus>
    </Item>
    <Item>
      <PriceUpdateDate>2016-08-19 08:57</PriceUpdateDate>
      <ItemCode>7296073132974</ItemCode>
      <ItemType>1</ItemType>
      <ItemName>צלחת לבן ELEGANT ענק 25</ItemName>
      <ManufacturerName>כללי</ManufacturerName>
      <ManufactureCountry>IL</ManufactureCountry>
      <ManufacturerItemDescription>צלחות ענק</ManufacturerItemDescription>
      <UnitQty>יחידה</UnitQty>
      <Quantity>1.00</Quantity>
      <bIsWeighted>0</bIsWeighted>
      <UnitOfMeasure>יחידה</UnitOfMeasure>
      <QtyInPackage>0</QtyInPackage>
      <ItemPrice>14.90</ItemPrice>
      <UnitOfMeasurePrice>14.90</UnitOfMeasurePrice>
      <AllowDiscount>1</AllowDiscount>
      <ItemStatus>1</ItemStatus>
    </Item>
    <Item>
      <PriceUpdateDate>2016-08-19 08:57</PriceUpdateDate>
      <ItemCode>7296073132981</ItemCode>
      <ItemType>1</ItemType>
      <ItemName>צלחת גדולה לבנה ELEGANT</ItemName>
      <ManufacturerName>כללי</ManufacturerName>
      <ManufactureCountry>IL</ManufactureCountry>
      <ManufacturerItemDescription>צלחות גדולה</ManufacturerItemDescription>
      <UnitQty>יחידה</UnitQty>
      <Quantity>1.00</Quantity>
      <bIsWeighted>0</bIsWeighted>
      <UnitOfMeasure>יחידה</UnitOfMeasure>
      <QtyInPackage>0</QtyInPackage>
      <ItemPrice>9.90</ItemPrice>
      <UnitOfMeasurePrice>9.90</UnitOfMeasurePrice>
      <AllowDiscount>1</AllowDiscount>
      <ItemStatus>1</ItemStatus>
    </Item>
    <Item>
      <PriceUpdateDate>2016-08-19 08:57</PriceUpdateDate>
      <ItemCode>7296073133063</ItemCode>
      <ItemType>1</ItemType>
      <ItemName>צלחת קרם אלגנט גדולה 25</ItemName>
      <ManufacturerName>כללי</ManufacturerName>
      <ManufactureCountry>IL</ManufactureCountry>
      <ManufacturerItemDescription>צלחות גדולות</ManufacturerItemDescription>
      <UnitQty>יחידה</UnitQty>
      <Quantity>1.00</Quantity>
      <bIsWeighted>0</bIsWeighted>
      <UnitOfMeasure>יחידה</UnitOfMeasure>
      <QtyInPackage>0</QtyInPackage>
      <ItemPrice>9.90</ItemPrice>
      <UnitOfMeasurePrice>9.90</UnitOfMeasurePrice>
      <AllowDiscount>1</AllowDiscount>
      <ItemStatus>1</ItemStatus>
    </Item>
    <Item>
      <PriceUpdateDate>2017-02-07 07:16</PriceUpdateDate>
      <ItemCode>7296073134534</ItemCode>
      <ItemType>1</ItemType>
      <ItemName>קפה טורקי שופרסל 100 גרם</ItemName>
      <ManufacturerName>שופרסל</ManufacturerName>
      <ManufactureCountry>IL</ManufactureCountry>
      <ManufacturerItemDescription>קפה טורקי שופרסל</ManufacturerItemDescription>
      <UnitQty>גרמים</UnitQty>
      <Quantity>100.00</Quantity>
      <bIsWeighted>0</bIsWeighted>
      <UnitOfMeasure>100 גרם</UnitOfMeasure>
      <QtyInPackage>0</QtyInPackage>
      <ItemPrice>5.90</ItemPrice>
      <UnitOfMeasurePrice>5.90</UnitOfMeasurePrice>
      <AllowDiscount>1</AllowDiscount>
      <ItemStatus>1</ItemStatus>
    </Item>
    <Item>
      <PriceUpdateDate>2018-01-30 11:39</PriceUpdateDate>
      <ItemCode>7296073140184</ItemCode>
      <ItemType>1</ItemType>
      <ItemName>עוגת מאפין תפוז שופר400ג</ItemName>
      <ManufacturerName>גידרון</ManufacturerName>
      <ManufactureCountry>IL</ManufactureCountry>
      <ManufacturerItemDescription>עוגת מאפין תפוז</ManufacturerItemDescription>
      <UnitQty>גרמים</UnitQty>
      <Quantity>400.00</Quantity>
      <bIsWeighted>0</bIsWeighted>
      <UnitOfMeasure>100 גרם</UnitOfMeasure>
      <QtyInPackage>0</QtyInPackage>
      <ItemPrice>11.90</ItemPrice>
      <UnitOfMeasurePrice>2.98</UnitOfMeasurePrice>
      <AllowDiscount>1</AllowDiscount>
      <ItemStatus>1</ItemStatus>
    </Item>
    <Item>
      <PriceUpdateDate>2018-03-06 07:23</PriceUpdateDate>
      <ItemCode>7296073140979</ItemCode>
      <ItemType>1</ItemType>
      <ItemName>60מגן תחתון נורמל שופרסל</ItemName>
      <ManufacturerName>קוראטקס</ManufacturerName>
      <ManufactureCountry>DE</ManufactureCountry>
      <ManufacturerItemDescription>מגן תחתון שופרסל</ManufacturerItemDescription>
      <UnitQty>יחידה</UnitQty>
      <Quantity>1.00</Quantity>
      <bIsWeighted>0</bIsWeighted>
      <UnitOfMeasure>יחידה</UnitOfMeasure>
      <QtyInPackage>0</QtyInPackage>
      <ItemPrice>13.90</ItemPrice>
      <UnitOfMeasurePrice>13.90</UnitOfMeasurePrice>
      <AllowDiscount>1</AllowDiscount>
      <ItemStatus>1</ItemStatus>
    </Item>
    <Item>
      <PriceUpdateDate>2018-03-06 07:23</PriceUpdateDate>
      <ItemCode>7296073140986</ItemCode>
      <ItemType>1</ItemType>
      <ItemName>52מגן תחתון לארג' שופרסל</ItemName>
      <ManufacturerName>שופרסל</ManufacturerName>
      <ManufactureCountry>DE</ManufactureCountry>
      <ManufacturerItemDescription>מגן תחתון שופרסל</ManufacturerItemDescription>
      <UnitQty>יחידה</UnitQty>
      <Quantity>1.00</Quantity>
      <bIsWeighted>0</bIsWeighted>
      <UnitOfMeasure>יחידה</UnitOfMeasure>
      <QtyInPackage>0</QtyInPackage>
      <ItemPrice>13.90</ItemPrice>
      <UnitOfMeasurePrice>13.90</UnitOfMeasurePrice>
      <AllowDiscount>1</AllowDiscount>
      <ItemStatus>1</ItemStatus>
    </Item>
    <Item>
      <PriceUpdateDate>2018-03-06 07:23</PriceUpdateDate>
      <ItemCode>7296073140993</ItemCode>
      <ItemType>1</ItemType>
      <ItemName>28 תחבושות נורמל+ שופרסל</ItemName>
      <ManufacturerName>קוראטקס</ManufacturerName>
      <ManufactureCountry>DE</ManufactureCountry>
      <ManufacturerItemDescription>תחבושות שופרסל</ManufacturerItemDescription>
      <UnitQty>יחידה</UnitQty>
      <Quantity>1.00</Quantity>
      <bIsWeighted>0</bIsWeighted>
      <UnitOfMeasure>יחידה</UnitOfMeasure>
      <QtyInPackage>0</QtyInPackage>
      <ItemPrice>13.50</ItemPrice>
      <UnitOfMeasurePrice>13.50</UnitOfMeasurePrice>
      <AllowDiscount>1</AllowDiscount>
      <ItemStatus>1</ItemStatus>
    </Item>
    <Item>
      <PriceUpdateDate>2018-03-06 07:23</PriceUpdateDate>
      <ItemCode>7296073141006</ItemCode>
      <ItemType>1</ItemType>
      <ItemName>24 תחבושות סופר+ שופרסל</ItemName>
      <ManufacturerName>קוראטקס</ManufacturerName>
      <ManufactureCountry>DE</ManufactureCountry>
      <ManufacturerItemDescription>תחבושות שופרסל</ManufacturerItemDescription>
      <UnitQty>יחידה</UnitQty>
      <Quantity>1.00</Quantity>
      <bIsWeighted>0</bIsWeighted>
      <UnitOfMeasure>יחידה</UnitOfMeasure>
      <QtyInPackage>0</QtyInPackage>
      <ItemPrice>13.50</ItemPrice>
      <UnitOfMeasurePrice>13.50</UnitOfMeasurePrice>
      <AllowDiscount>1</AllowDiscount>
      <ItemStatus>1</ItemStatus>
    </Item>
    <Item>
      <PriceUpdateDate>2017-11-07 09:20</PriceUpdateDate>
      <ItemCode>7296073141143</ItemCode>
      <ItemType>1</ItemType>
      <ItemName>שוקולד חלב שופרסל100 גרם</ItemName>
      <ManufacturerName>שוקולד פריי בע"מ</ManufacturerName>
      <ManufactureCountry>CH</ManufactureCountry>
      <ManufacturerItemDescription>שוקולד חלב</ManufacturerItemDescription>
      <UnitQty>גרמים</UnitQty>
      <Quantity>100.00</Quantity>
      <bIsWeighted>0</bIsWeighted>
      <UnitOfMeasure>100 גרם</UnitOfMeasure>
      <QtyInPackage>0</QtyInPackage>
      <ItemPrice>5.60</ItemPrice>
      <UnitOfMeasurePrice>5.60</UnitOfMeasurePrice>
      <AllowDiscount>1</AllowDiscount>
      <ItemStatus>1</ItemStatus>
    </Item>
    <Item>
      <PriceUpdateDate>2017-11-07 09:20</PriceUpdateDate>
      <ItemCode>7296073141150</ItemCode>
      <ItemType>1</ItemType>
      <ItemName>שוקולד מריר שוויצרי100ג</ItemName>
      <ManufacturerName>שופרסל</ManufacturerName>
      <ManufactureCountry>IL</ManufactureCountry>
      <ManufacturerItemDescription>שוקולד מריר</ManufacturerItemDescription>
      <UnitQty>גרמים</UnitQty>
      <Quantity>100.00</Quantity>
      <bIsWeighted>0</bIsWeighted>
      <UnitOfMeasure>100 גרם</UnitOfMeasure>
      <QtyInPackage>0</QtyInPackage>
      <ItemPrice>5.60</ItemPrice>
      <UnitOfMeasurePrice>5.60</UnitOfMeasurePrice>
      <AllowDiscount>1</AllowDiscount>
      <ItemStatus>1</ItemStatus>
    </Item>
    <Item>
      <PriceUpdateDate>2015-09-30 08:04</PriceUpdateDate>
      <ItemCode>7296073143727</ItemCode>
      <ItemType>1</ItemType>
      <ItemName>פתיתים קוסקוס 3 צבעים500</ItemName>
      <ManufacturerName>שופרסל</ManufacturerName>
      <ManufactureCountry>IL</ManufactureCountry>
      <ManufacturerItemDescription>פתיתים קוסקוס</ManufacturerItemDescription>
      <UnitQty>גרמים</UnitQty>
      <Quantity>500.00</Quantity>
      <bIsWeighted>0</bIsWeighted>
      <UnitOfMeasure>100 גרם</UnitOfMeasure>
      <QtyInPackage>0</QtyInPackage>
      <ItemPrice>6.70</ItemPrice>
      <UnitOfMeasurePrice>1.34</UnitOfMeasurePrice>
      <AllowDiscount>1</AllowDiscount>
      <ItemStatus>1</ItemStatus>
    </Item>
    <Item>
      <PriceUpdateDate>2017-11-07 09:20</PriceUpdateDate>
      <ItemCode>7296073146933</ItemCode>
      <ItemType>1</ItemType>
      <ItemName>שוק.אוורירי מריר שופר100</ItemName>
      <ManufacturerName>שוקולד פריי בע"מ</ManufacturerName>
      <ManufactureCountry>CH</ManufactureCountry>
      <ManufacturerItemDescription>שוקולד אוורירי</ManufacturerItemDescription>
      <UnitQty>גרמים</UnitQty>
      <Quantity>100.00</Quantity>
      <bIsWeighted>0</bIsWeighted>
      <UnitOfMeasure>100 גרם</UnitOfMeasure>
      <QtyInPackage>0</QtyInPackage>
      <ItemPrice>6.20</ItemPrice>
      <UnitOfMeasurePrice>6.20</UnitOfMeasurePrice>
      <AllowDiscount>1</AllowDiscount>
      <ItemStatus>1</ItemStatus>
    </Item>
    <Item>
      <PriceUpdateDate>2017-11-07 09:20</PriceUpdateDate>
      <ItemCode>7296073146940</ItemCode>
      <ItemType>1</ItemType>
      <ItemName>שוק.אוורירי חלב שופר100ג</ItemName>
      <ManufacturerName>שוקולד פריי בע"מ</ManufacturerName>
      <ManufactureCountry>CH</ManufactureCountry>
      <ManufacturerItemDescription>שוקולד אוורירי</ManufacturerItemDescription>
      <UnitQty>גרמים</UnitQty>
      <Quantity>100.00</Quantity>
      <bIsWeighted>0</bIsWeighted>
      <UnitOfMeasure>100 גרם</UnitOfMeasure>
      <QtyInPackage>0</QtyInPackage>
      <ItemPrice>6.20</ItemPrice>
      <UnitOfMeasurePrice>6.20</UnitOfMeasurePrice>
      <AllowDiscount>1</AllowDiscount>
      <ItemStatus>1</ItemStatus>
    </Item>
    <Item>
      <PriceUpdateDate>2015-09-30 08:07</PriceUpdateDate>
      <ItemCode>7296073150442</ItemCode>
      <ItemType>1</ItemType>
      <ItemName>תערובת לכדורי שוקולד500ג</ItemName>
      <ManufacturerName>י.כהן בע"מ</ManufacturerName>
      <ManufactureCountry>IL</ManufactureCountry>
      <ManufacturerItemDescription>תערובת לכדורים</ManufacturerItemDescription>
      <UnitQty>גרמים</UnitQty>
      <Quantity>500.00</Quantity>
      <bIsWeighted>0</bIsWeighted>
      <UnitOfMeasure>100 גרם</UnitOfMeasure>
      <QtyInPackage>0</QtyInPackage>
      <ItemPrice>16.00</ItemPrice>
      <UnitOfMeasurePrice>3.20</UnitOfMeasurePrice>
      <AllowDiscount>1</AllowDiscount>
      <ItemStatus>1</ItemStatus>
    </Item>
    <Item>
      <PriceUpdateDate>2017-10-17 09:07</PriceUpdateDate>
      <ItemCode>7296073150527</ItemCode>
      <ItemType>1</ItemType>
      <ItemName>קורנפלקס שופרסל 750 גרם</ItemName>
      <ManufacturerName>שופרסל</ManufacturerName>
      <ManufactureCountry>DK</ManufactureCountry>
      <ManufacturerItemDescription>קורנפלקס שופרסל</ManufacturerItemDescription>
      <UnitQty>גרמים</UnitQty>
      <Quantity>750.00</Quantity>
      <bIsWeighted>0</bIsWeighted>
      <UnitOfMeasure>100 גרם</UnitOfMeasure>
      <QtyInPackage>0</QtyInPackage>
      <ItemPrice>12.40</ItemPrice>
      <UnitOfMeasurePrice>1.65</UnitOfMeasurePrice>
      <AllowDiscount>1</AllowDiscount>
      <ItemStatus>1</ItemStatus>
    </Item>
    <Item>
      <PriceUpdateDate>2017-02-07 07:16</PriceUpdateDate>
      <ItemCode>7296073151487</ItemCode>
      <ItemType>1</ItemType>
      <ItemName>פריכיות מיני תפוח 50 גרם</ItemName>
      <ManufacturerName>שופרסל</ManufacturerName>
      <ManufactureCountry>IL</ManufactureCountry>
      <ManufacturerItemDescription>פריכיות תפוח</ManufacturerItemDescription>
      <UnitQty>גרמים</UnitQty>
      <Quantity>50.00</Quantity>
      <bIsWeighted>0</bIsWeighted>
      <UnitOfMeasure>100 גרם</UnitOfMeasure>
      <QtyInPackage>0</QtyInPackage>
      <ItemPrice>8.50</ItemPrice>
      <UnitOfMeasurePrice>17.00</UnitOfMeasurePrice>
      <AllowDiscount>1</AllowDiscount>
      <ItemStatus>1</ItemStatus>
    </Item>
    <Item>
      <PriceUpdateDate>2015-09-30 08:09</PriceUpdateDate>
      <ItemCode>7296073151524</ItemCode>
      <ItemType>1</ItemType>
      <ItemName>צנימים שופרסל 320 גרם</ItemName>
      <ManufacturerName>שופרסל</ManufacturerName>
      <ManufactureCountry>IT</ManufactureCountry>
      <ManufacturerItemDescription>צנימים שופרסל</ManufacturerItemDescription>
      <UnitQty>גרמים</UnitQty>
      <Quantity>320.00</Quantity>
      <bIsWeighted>0</bIsWeighted>
      <UnitOfMeasure>100 גרם</UnitOfMeasure>
      <QtyInPackage>0</QtyInPackage>
      <ItemPrice>9.60</ItemPrice>
      <UnitOfMeasurePrice>3.00</UnitOfMeasurePrice>
      <AllowDiscount>1</AllowDiscount>
      <ItemStatus>1</ItemStatus>
    </Item>
    <Item>
      <PriceUpdateDate>2015-10-01 08:39</PriceUpdateDate>
      <ItemCode>7296073151548</ItemCode>
      <ItemType>1</ItemType>
      <ItemName>מלח בישול גס שופרסל 1 קג</ItemName>
      <ManufacturerName>מלח הארץ אילת</ManufacturerName>
      <ManufactureCountry>IL</ManufactureCountry>
      <ManufacturerItemDescription>מלח בישול גס</ManufacturerItemDescription>
      <UnitQty>קילוגרמים</UnitQty>
      <Quantity>1.00</Quantity>
      <bIsWeighted>0</bIsWeighted>
      <UnitOfMeasure>ק"ג</UnitOfMeasure>
      <QtyInPackage>0</QtyInPackage>
      <ItemPrice>2.07</ItemPrice>
      <UnitOfMeasurePrice>2.07</UnitOfMeasurePrice>
      <AllowDiscount>1</AllowDiscount>
      <ItemStatus>1</ItemStatus>
    </Item>
    <Item>
      <PriceUpdateDate>2015-10-01 08:39</PriceUpdateDate>
      <ItemCode>7296073151555</ItemCode>
      <ItemType>1</ItemType>
      <ItemName>מלח שולחן דק שופרסל 1 קג</ItemName>
      <ManufacturerName>מלח הארץ אילת</ManufacturerName>
      <ManufactureCountry>IL</ManufactureCountry>
      <ManufacturerItemDescription>מלח שולחן דק</ManufacturerItemDescription>
      <UnitQty>קילוגרמים</UnitQty>
      <Quantity>1.00</Quantity>
      <bIsWeighted>0</bIsWeighted>
      <UnitOfMeasure>ק"ג</UnitOfMeasure>
      <QtyInPackage>0</QtyInPackage>
      <ItemPrice>2.07</ItemPrice>
      <UnitOfMeasurePrice>2.07</UnitOfMeasurePrice>
      <AllowDiscount>1</AllowDiscount>
      <ItemStatus>1</ItemStatus>
    </Item>
    <Item>
      <PriceUpdateDate>2019-08-07 11:59</PriceUpdateDate>
      <ItemCode>7296073153238</ItemCode>
      <ItemType>1</ItemType>
      <ItemName>גזר ארוז שופרסל</ItemName>
      <ManufacturerName />
      <ManufactureCountry>IL</ManufactureCountry>
      <ManufacturerItemDescription>גזר ארוז שופרסל</ManufacturerItemDescription>
      <UnitQty>קילוגרמים</UnitQty>
      <Quantity>0.00</Quantity>
      <bIsWeighted>1</bIsWeighted>
      <UnitOfMeasure>ק"ג</UnitOfMeasure>
      <QtyInPackage>0</QtyInPackage>
      <ItemPrice>4.90</ItemPrice>
      <UnitOfMeasurePrice>4.90</UnitOfMeasurePrice>
      <AllowDiscount>1</AllowDiscount>
      <ItemStatus>1</ItemStatus>
    </Item>
    <Item>
      <PriceUpdateDate>2015-09-30 08:13</PriceUpdateDate>
      <ItemCode>7296073153283</ItemCode>
      <ItemType>1</ItemType>
      <ItemName>מזון לחתול מיקס שופר1.5ק</ItemName>
      <ManufacturerName>Tuffy's</ManufacturerName>
      <ManufactureCountry>IL</ManufactureCountry>
      <ManufacturerItemDescription>מזון לחתולים</ManufacturerItemDescription>
      <UnitQty>קילוגרמים</UnitQty>
      <Quantity>1.50</Quantity>
      <bIsWeighted>0</bIsWeighted>
      <UnitOfMeasure>ק"ג</UnitOfMeasure>
      <QtyInPackage>0</QtyInPackage>
      <ItemPrice>39.00</ItemPrice>
      <UnitOfMeasurePrice>26.00</UnitOfMeasurePrice>
      <AllowDiscount>1</AllowDiscount>
      <ItemStatus>1</ItemStatus>
    </Item>
    <Item>
      <PriceUpdateDate>2020-02-04 09:47</PriceUpdateDate>
      <ItemCode>7296073153870</ItemCode>
      <ItemType>1</ItemType>
      <ItemName>זוג רדידי אלומיניום רחב</ItemName>
      <ManufacturerName>שופרסל</ManufacturerName>
      <ManufactureCountry>IL</ManufactureCountry>
      <ManufacturerItemDescription>זוג רדידי אלומינ</ManufacturerItemDescription>
      <UnitQty>מטרים</UnitQty>
      <Quantity>15.00</Quantity>
      <bIsWeighted>0</bIsWeighted>
      <UnitOfMeasure>מטר</UnitOfMeasure>
      <QtyInPackage>0</QtyInPackage>
      <ItemPrice>12.90</ItemPrice>
      <UnitOfMeasurePrice>0.86</UnitOfMeasurePrice>
      <AllowDiscount>1</AllowDiscount>
      <ItemStatus>1</ItemStatus>
    </Item>
    <Item>
      <PriceUpdateDate>2017-02-07 07:16</PriceUpdateDate>
      <ItemCode>7296073156604</ItemCode>
      <ItemType>1</ItemType>
      <ItemName>שוק.חלב עם אגוזי לוז100ג</ItemName>
      <ManufacturerName>שופרסל</ManufacturerName>
      <ManufactureCountry>CH</ManufactureCountry>
      <ManufacturerItemDescription>שוקולד+אגוזי לוז</ManufacturerItemDescription>
      <UnitQty>גרמים</UnitQty>
      <Quantity>100.00</Quantity>
      <bIsWeighted>0</bIsWeighted>
      <UnitOfMeasure>100 גרם</UnitOfMeasure>
      <QtyInPackage>0</QtyInPackage>
      <ItemPrice>8.50</ItemPrice>
      <UnitOfMeasurePrice>8.50</UnitOfMeasurePrice>
      <AllowDiscount>1</AllowDiscount>
      <ItemStatus>1</ItemStatus>
    </Item>
    <Item>
      <PriceUpdateDate>2015-09-30 08:09</PriceUpdateDate>
      <ItemCode>7296073161479</ItemCode>
      <ItemType>1</ItemType>
      <ItemName>פריכיות תירס 100 גרם</ItemName>
      <ManufacturerName>שופרסל</ManufacturerName>
      <ManufactureCountry>IL</ManufactureCountry>
      <ManufacturerItemDescription>פריכיות תירס</ManufacturerItemDescription>
      <UnitQty>גרמים</UnitQty>
      <Quantity>100.00</Quantity>
      <bIsWeighted>0</bIsWeighted>
      <UnitOfMeasure>100 גרם</UnitOfMeasure>
      <QtyInPackage>0</QtyInPackage>
      <ItemPrice>7.40</ItemPrice>
      <UnitOfMeasurePrice>7.40</UnitOfMeasurePrice>
      <AllowDiscount>1</AllowDiscount>
      <ItemStatus>1</ItemStatus>
    </Item>
    <Item>
      <PriceUpdateDate>2020-10-10 19:00</PriceUpdateDate>
      <ItemCode>7296073161493</ItemCode>
      <ItemType>1</ItemType>
      <ItemName>שוק.מריר60%שופרסל 100*2ג</ItemName>
      <ManufacturerName>שופרסל</ManufacturerName>
      <ManufactureCountry>CH</ManufactureCountry>
      <ManufacturerItemDescription>שוקולד מריר זוג</ManufacturerItemDescription>
      <UnitQty>גרמים</UnitQty>
      <Quantity>200.00</Quantity>
      <bIsWeighted>0</bIsWeighted>
      <UnitOfMeasure>100 גרם</UnitOfMeasure>
      <QtyInPackage>0</QtyInPackage>
      <ItemPrice>11.90</ItemPrice>
      <UnitOfMeasurePrice>5.95</UnitOfMeasurePrice>
      <AllowDiscount>1</AllowDiscount>
      <ItemStatus>1</ItemStatus>
    </Item>
    <Item>
      <PriceUpdateDate>2020-10-10 22:10</PriceUpdateDate>
      <ItemCode>7296073161509</ItemCode>
      <ItemType>1</ItemType>
      <ItemName>שוק.חלב אגוזי לוז100*3גר</ItemName>
      <ManufacturerName>שופרסל</ManufacturerName>
      <ManufactureCountry>CH</ManufactureCountry>
      <ManufacturerItemDescription>שוקולד אגוז 3 יח</ManufacturerItemDescription>
      <UnitQty>גרמים</UnitQty>
      <Quantity>300.00</Quantity>
      <bIsWeighted>0</bIsWeighted>
      <UnitOfMeasure>100 גרם</UnitOfMeasure>
      <QtyInPackage>0</QtyInPackage>
      <ItemPrice>15.90</ItemPrice>
      <UnitOfMeasurePrice>5.30</UnitOfMeasurePrice>
      <AllowDiscount>1</AllowDiscount>
      <ItemStatus>1</ItemStatus>
    </Item>
    <Item>
      <PriceUpdateDate>2017-07-04 06:50</PriceUpdateDate>
      <ItemCode>7296073163084</ItemCode>
      <ItemType>1</ItemType>
      <ItemName>נקניקיות וינר שופרסל400ג</ItemName>
      <ManufacturerName>מעדני יחיעם</ManufacturerName>
      <ManufactureCountry>IL</ManufactureCountry>
      <ManufacturerItemDescription>נקניקיות וינר</ManufacturerItemDescription>
      <UnitQty>גרמים</UnitQty>
      <Quantity>400.00</Quantity>
      <bIsWeighted>0</bIsWeighted>
      <UnitOfMeasure>100 גרם</UnitOfMeasure>
      <QtyInPackage>0</QtyInPackage>
      <ItemPrice>11.90</ItemPrice>
      <UnitOfMeasurePrice>2.98</UnitOfMeasurePrice>
      <AllowDiscount>1</AllowDiscount>
      <ItemStatus>1</ItemStatus>
    </Item>
    <Item>
      <PriceUpdateDate>2016-01-05 06:48</PriceUpdateDate>
      <ItemCode>7296073163107</ItemCode>
      <ItemType>1</ItemType>
      <ItemName>נקניקיות וינר שופרסל1.5ק</ItemName>
      <ManufacturerName>שופרסל</ManufacturerName>
      <ManufactureCountry>IL</ManufactureCountry>
      <ManufacturerItemDescription>נקניקיות וינר</ManufacturerItemDescription>
      <UnitQty>קילוגרמים</UnitQty>
      <Quantity>1.50</Quantity>
      <bIsWeighted>0</bIsWeighted>
      <UnitOfMeasure>ק"ג</UnitOfMeasure>
      <QtyInPackage>0</QtyInPackage>
      <ItemPrice>29.90</ItemPrice>
      <UnitOfMeasurePrice>19.93</UnitOfMeasurePrice>
      <AllowDiscount>1</AllowDiscount>
      <ItemStatus>1</ItemStatus>
    </Item>
    <Item>
      <PriceUpdateDate>2016-06-28 07:27</PriceUpdateDate>
      <ItemCode>7296073163114</ItemCode>
      <ItemType>1</ItemType>
      <ItemName>נקניקיות מיני שופרסל600ג</ItemName>
      <ManufacturerName>---</ManufacturerName>
      <ManufactureCountry>IL</ManufactureCountry>
      <ManufacturerItemDescription>נקניקיות מיני</ManufacturerItemDescription>
      <UnitQty>גרמים</UnitQty>
      <Quantity>600.00</Quantity>
      <bIsWeighted>0</bIsWeighted>
      <UnitOfMeasure>100 גרם</UnitOfMeasure>
      <QtyInPackage>0</QtyInPackage>
      <ItemPrice>17.90</ItemPrice>
      <UnitOfMeasurePrice>2.98</UnitOfMeasurePrice>
      <AllowDiscount>1</AllowDiscount>
      <ItemStatus>1</ItemStatus>
    </Item>
    <Item>
      <PriceUpdateDate>2020-07-16 13:44</PriceUpdateDate>
      <ItemCode>7296073169253</ItemCode>
      <ItemType>1</ItemType>
      <ItemName>רוטב עגבניות עם שום240גר</ItemName>
      <ManufacturerName>זנלכל בע"\מ</ManufacturerName>
      <ManufactureCountry>IL</ManufactureCountry>
      <ManufacturerItemDescription>רוטב עגבניות</ManufacturerItemDescription>
      <UnitQty>גרמים</UnitQty>
      <Quantity>240.00</Quantity>
      <bIsWeighted>0</bIsWeighted>
      <UnitOfMeasure>100 גרם</UnitOfMeasure>
      <QtyInPackage>0</QtyInPackage>
      <ItemPrice>4.50</ItemPrice>
      <UnitOfMeasurePrice>1.88</UnitOfMeasurePrice>
      <AllowDiscount>1</AllowDiscount>
      <ItemStatus>1</ItemStatus>
    </Item>
    <Item>
      <PriceUpdateDate>2016-05-03 06:55</PriceUpdateDate>
      <ItemCode>7296073169550</ItemCode>
      <ItemType>1</ItemType>
      <ItemName>3 מטליות מיקרופייבר שופר</ItemName>
      <ManufacturerName>שופרסל</ManufacturerName>
      <ManufactureCountry>CN</ManufactureCountry>
      <ManufacturerItemDescription>מטליות מיקרופיבר</ManufacturerItemDescription>
      <UnitQty>יחידה</UnitQty>
      <Quantity>1.00</Quantity>
      <bIsWeighted>0</bIsWeighted>
      <UnitOfMeasure>יחידה</UnitOfMeasure>
      <QtyInPackage>0</QtyInPackage>
      <ItemPrice>14.80</ItemPrice>
      <UnitOfMeasurePrice>14.80</UnitOfMeasurePrice>
      <AllowDiscount>1</AllowDiscount>
      <ItemStatus>1</ItemStatus>
    </Item>
    <Item>
      <PriceUpdateDate>2017-11-07 09:20</PriceUpdateDate>
      <ItemCode>7296073170839</ItemCode>
      <ItemType>1</ItemType>
      <ItemName>שוקולד לבן שוויצרי 100גר</ItemName>
      <ManufacturerName>שוקולד פריי בע"מ</ManufacturerName>
      <ManufactureCountry>CH</ManufactureCountry>
      <ManufacturerItemDescription>שוקולד לבן</ManufacturerItemDescription>
      <UnitQty>גרמים</UnitQty>
      <Quantity>100.00</Quantity>
      <bIsWeighted>0</bIsWeighted>
      <UnitOfMeasure>100 גרם</UnitOfMeasure>
      <QtyInPackage>0</QtyInPackage>
      <ItemPrice>5.60</ItemPrice>
      <UnitOfMeasurePrice>5.60</UnitOfMeasurePrice>
      <AllowDiscount>1</AllowDiscount>
      <ItemStatus>1</ItemStatus>
    </Item>
    <Item>
      <PriceUpdateDate>2019-07-03 08:46</PriceUpdateDate>
      <ItemCode>7296073170860</ItemCode>
      <ItemType>1</ItemType>
      <ItemName>צ'יפס קלאסי שופרסל 1.5קג</ItemName>
      <ManufacturerName>תפוגן</ManufacturerName>
      <ManufactureCountry>IL</ManufactureCountry>
      <ManufacturerItemDescription>צ'יפס קלאסי</ManufacturerItemDescription>
      <UnitQty>קילוגרמים</UnitQty>
      <Quantity>1.50</Quantity>
      <bIsWeighted>0</bIsWeighted>
      <UnitOfMeasure>ק"ג</UnitOfMeasure>
      <QtyInPackage>0</QtyInPackage>
      <ItemPrice>22.90</ItemPrice>
      <UnitOfMeasurePrice>15.27</UnitOfMeasurePrice>
      <AllowDiscount>1</AllowDiscount>
      <ItemStatus>1</ItemStatus>
    </Item>
    <Item>
      <PriceUpdateDate>2020-06-08 08:30</PriceUpdateDate>
      <ItemCode>7296073170877</ItemCode>
      <ItemType>1</ItemType>
      <ItemName>צ'יפס אמריקאי שופרסל 1.5</ItemName>
      <ManufacturerName>תפוגן</ManufacturerName>
      <ManufactureCountry>IL</ManufactureCountry>
      <ManufacturerItemDescription>צ'יפס אמריקאי</ManufacturerItemDescription>
      <UnitQty>קילוגרמים</UnitQty>
      <Quantity>1.50</Quantity>
      <bIsWeighted>0</bIsWeighted>
      <UnitOfMeasure>ק"ג</UnitOfMeasure>
      <QtyInPackage>0</QtyInPackage>
      <ItemPrice>22.90</ItemPrice>
      <UnitOfMeasurePrice>15.27</UnitOfMeasurePrice>
      <AllowDiscount>1</AllowDiscount>
      <ItemStatus>1</ItemStatus>
    </Item>
    <Item>
      <PriceUpdateDate>2020-06-08 08:30</PriceUpdateDate>
      <ItemCode>7296073170884</ItemCode>
      <ItemType>1</ItemType>
      <ItemName>סטייק צ'יפס שופרסל 1.5קג</ItemName>
      <ManufacturerName>תפוגן</ManufacturerName>
      <ManufactureCountry>IL</ManufactureCountry>
      <ManufacturerItemDescription>סטייק צ'יפס</ManufacturerItemDescription>
      <UnitQty>קילוגרמים</UnitQty>
      <Quantity>1.50</Quantity>
      <bIsWeighted>0</bIsWeighted>
      <UnitOfMeasure>ק"ג</UnitOfMeasure>
      <QtyInPackage>0</QtyInPackage>
      <ItemPrice>22.90</ItemPrice>
      <UnitOfMeasurePrice>15.27</UnitOfMeasurePrice>
      <AllowDiscount>1</AllowDiscount>
      <ItemStatus>1</ItemStatus>
    </Item>
    <Item>
      <PriceUpdateDate>2020-06-08 08:30</PriceUpdateDate>
      <ItemCode>7296073170891</ItemCode>
      <ItemType>1</ItemType>
      <ItemName>צ'יפס זיגזג שופרסל 1.5קג</ItemName>
      <ManufacturerName>תפוגן</ManufacturerName>
      <ManufactureCountry>IL</ManufactureCountry>
      <ManufacturerItemDescription>צ'יפס זיגזג</ManufacturerItemDescription>
      <UnitQty>קילוגרמים</UnitQty>
      <Quantity>1.50</Quantity>
      <bIsWeighted>0</bIsWeighted>
      <UnitOfMeasure>ק"ג</UnitOfMeasure>
      <QtyInPackage>0</QtyInPackage>
      <ItemPrice>22.90</ItemPrice>
      <UnitOfMeasurePrice>15.27</UnitOfMeasurePrice>
      <AllowDiscount>1</AllowDiscount>
      <ItemStatus>1</ItemStatus>
    </Item>
    <Item>
      <PriceUpdateDate>2020-02-04 09:47</PriceUpdateDate>
      <ItemCode>7296073171126</ItemCode>
      <ItemType>1</ItemType>
      <ItemName>שוק.לבן שוויצרי 100*3 גר</ItemName>
      <ManufacturerName>שופרסל</ManufacturerName>
      <ManufactureCountry>CH</ManufactureCountry>
      <ManufacturerItemDescription>שוקולד לבן 3 יח'</ManufacturerItemDescription>
      <UnitQty>גרמים</UnitQty>
      <Quantity>300.00</Quantity>
      <bIsWeighted>0</bIsWeighted>
      <UnitOfMeasure>100 גרם</UnitOfMeasure>
      <QtyInPackage>0</QtyInPackage>
      <ItemPrice>15.90</ItemPrice>
      <UnitOfMeasurePrice>5.30</UnitOfMeasurePrice>
      <AllowDiscount>1</AllowDiscount>
      <ItemStatus>1</ItemStatus>
    </Item>
    <Item>
      <PriceUpdateDate>2015-09-30 08:08</PriceUpdateDate>
      <ItemCode>7296073173045</ItemCode>
      <ItemType>1</ItemType>
      <ItemName>דבש טבעי לחיץ שופרסל500ג</ItemName>
      <ManufacturerName>שופרסל</ManufacturerName>
      <ManufactureCountry>IL</ManufactureCountry>
      <ManufacturerItemDescription>דבש לחיץ שופרסל</ManufacturerItemDescription>
      <UnitQty>גרמים</UnitQty>
      <Quantity>500.00</Quantity>
      <bIsWeighted>0</bIsWeighted>
      <UnitOfMeasure>100 גרם</UnitOfMeasure>
      <QtyInPackage>0</QtyInPackage>
      <ItemPrice>30.20</ItemPrice>
      <UnitOfMeasurePrice>6.04</UnitOfMeasurePrice>
      <AllowDiscount>1</AllowDiscount>
      <ItemStatus>1</ItemStatus>
    </Item>
    <Item>
      <PriceUpdateDate>2018-03-06 07:31</PriceUpdateDate>
      <ItemCode>7296073173199</ItemCode>
      <ItemType>1</ItemType>
      <ItemName>אפונה ירוקה עדינה שופרסל</ItemName>
      <ManufacturerName>שופרסל</ManufacturerName>
      <ManufactureCountry>BE</ManufactureCountry>
      <ManufacturerItemDescription>אפונה עדינה</ManufacturerItemDescription>
      <UnitQty>גרמים</UnitQty>
      <Quantity>600.00</Quantity>
      <bIsWeighted>0</bIsWeighted>
      <UnitOfMeasure>100 גרם</UnitOfMeasure>
      <QtyInPackage>0</QtyInPackage>
      <ItemPrice>18.90</ItemPrice>
      <UnitOfMeasurePrice>3.15</UnitOfMeasurePrice>
      <AllowDiscount>1</AllowDiscount>
      <ItemStatus>1</ItemStatus>
    </Item>
    <Item>
      <PriceUpdateDate>2016-10-25 06:52</PriceUpdateDate>
      <ItemCode>7296073179863</ItemCode>
      <ItemType>1</ItemType>
      <ItemName>דבש טבעי לחיץ שופרסל250ג</ItemName>
      <ManufacturerName>שופרסל</ManufacturerName>
      <ManufactureCountry>IL</ManufactureCountry>
      <ManufacturerItemDescription>דבש לחיץ</ManufacturerItemDescription>
      <UnitQty>גרמים</UnitQty>
      <Quantity>250.00</Quantity>
      <bIsWeighted>0</bIsWeighted>
      <UnitOfMeasure>100 גרם</UnitOfMeasure>
      <QtyInPackage>0</QtyInPackage>
      <ItemPrice>16.90</ItemPrice>
      <UnitOfMeasurePrice>6.76</UnitOfMeasurePrice>
      <AllowDiscount>1</AllowDiscount>
      <ItemStatus>1</ItemStatus>
    </Item>
    <Item>
      <PriceUpdateDate>2017-07-30 09:52</PriceUpdateDate>
      <ItemCode>7296073180203</ItemCode>
      <ItemType>1</ItemType>
      <ItemName>עלי רוקט שטופים 150גרם</ItemName>
      <ManufacturerName>פרסקו</ManufacturerName>
      <ManufactureCountry>IL</ManufactureCountry>
      <ManufacturerItemDescription>עלי רוקט150ג'</ManufacturerItemDescription>
      <UnitQty>גרמים</UnitQty>
      <Quantity>150.00</Quantity>
      <bIsWeighted>0</bIsWeighted>
      <UnitOfMeasure>100 גרם</UnitOfMeasure>
      <QtyInPackage>0</QtyInPackage>
      <ItemPrice>9.50</ItemPrice>
      <UnitOfMeasurePrice>6.33</UnitOfMeasurePrice>
      <AllowDiscount>1</AllowDiscount>
      <ItemStatus>1</ItemStatus>
    </Item>
    <Item>
      <PriceUpdateDate>2018-12-06 09:58</PriceUpdateDate>
      <ItemCode>7296073180548</ItemCode>
      <ItemType>1</ItemType>
      <ItemName>אגוזי מלך קלוף טבעי 150ג</ItemName>
      <ManufacturerName>ששון</ManufacturerName>
      <ManufactureCountry>IL</ManufactureCountry>
      <ManufacturerItemDescription>א.מלך טבעי קלוף</ManufacturerItemDescription>
      <UnitQty>גרמים</UnitQty>
      <Quantity>150.00</Quantity>
      <bIsWeighted>0</bIsWeighted>
      <UnitOfMeasure>100 גרם</UnitOfMeasure>
      <QtyInPackage>0</QtyInPackage>
      <ItemPrice>13.90</ItemPrice>
      <UnitOfMeasurePrice>9.27</UnitOfMeasurePrice>
      <AllowDiscount>1</AllowDiscount>
      <ItemStatus>1</ItemStatus>
    </Item>
    <Item>
      <PriceUpdateDate>2016-01-05 06:48</PriceUpdateDate>
      <ItemCode>7296073187363</ItemCode>
      <ItemType>1</ItemType>
      <ItemName>פחם דרום אמריקאי</ItemName>
      <ManufacturerName />
      <ManufactureCountry>PY</ManufactureCountry>
      <ManufacturerItemDescription>פחם דרום אמריקאי</ManufacturerItemDescription>
      <UnitQty>קילוגרמים</UnitQty>
      <Quantity>2.00</Quantity>
      <bIsWeighted>0</bIsWeighted>
      <UnitOfMeasure>ק"ג</UnitOfMeasure>
      <QtyInPackage>0</QtyInPackage>
      <ItemPrice>14.90</ItemPrice>
      <UnitOfMeasurePrice>7.45</UnitOfMeasurePrice>
      <AllowDiscount>1</AllowDiscount>
      <ItemStatus>1</ItemStatus>
    </Item>
    <Item>
      <PriceUpdateDate>2015-09-30 08:02</PriceUpdateDate>
      <ItemCode>7296073189602</ItemCode>
      <ItemType>1</ItemType>
      <ItemName>בוטן מטוגן 400גרם שופרסל</ItemName>
      <ManufacturerName>שקרצי</ManufacturerName>
      <ManufactureCountry>IL</ManufactureCountry>
      <ManufacturerItemDescription>בוטן מטוגן</ManufacturerItemDescription>
      <UnitQty>גרמים</UnitQty>
      <Quantity>400.00</Quantity>
      <bIsWeighted>0</bIsWeighted>
      <UnitOfMeasure>100 גרם</UnitOfMeasure>
      <QtyInPackage>0</QtyInPackage>
      <ItemPrice>15.90</ItemPrice>
      <UnitOfMeasurePrice>3.98</UnitOfMeasurePrice>
      <AllowDiscount>1</AllowDiscount>
      <ItemStatus>1</ItemStatus>
    </Item>
    <Item>
      <PriceUpdateDate>2018-01-02 16:14</PriceUpdateDate>
      <ItemCode>7296073197461</ItemCode>
      <ItemType>1</ItemType>
      <ItemName>שוקולד חלב 3 יח</ItemName>
      <ManufacturerName />
      <ManufactureCountry>CH</ManufactureCountry>
      <ManufacturerItemDescription>שוקולד חלב 3 יח</ManufacturerItemDescription>
      <UnitQty>גרמים</UnitQty>
      <Quantity>300.00</Quantity>
      <bIsWeighted>0</bIsWeighted>
      <UnitOfMeasure>100 גרם</UnitOfMeasure>
      <QtyInPackage>0</QtyInPackage>
      <ItemPrice>14.90</ItemPrice>
      <UnitOfMeasurePrice>4.97</UnitOfMeasurePrice>
      <AllowDiscount>1</AllowDiscount>
      <ItemStatus>1</ItemStatus>
    </Item>
    <Item>
      <PriceUpdateDate>2018-01-02 16:14</PriceUpdateDate>
      <ItemCode>7296073197478</ItemCode>
      <ItemType>1</ItemType>
      <ItemName>שוקולד מריר 3 יח</ItemName>
      <ManufacturerName />
      <ManufactureCountry>CH</ManufactureCountry>
      <ManufacturerItemDescription>שוקולד מריר 3 יח</ManufacturerItemDescription>
      <UnitQty>גרמים</UnitQty>
      <Quantity>300.00</Quantity>
      <bIsWeighted>0</bIsWeighted>
      <UnitOfMeasure>100 גרם</UnitOfMeasure>
      <QtyInPackage>0</QtyInPackage>
      <ItemPrice>14.90</ItemPrice>
      <UnitOfMeasurePrice>4.97</UnitOfMeasurePrice>
      <AllowDiscount>1</AllowDiscount>
      <ItemStatus>1</ItemStatus>
    </Item>
    <Item>
      <PriceUpdateDate>2020-10-10 18:30</PriceUpdateDate>
      <ItemCode>7296073199380</ItemCode>
      <ItemType>1</ItemType>
      <ItemName>רוטב צ'ילי מתוק שופר810ג</ItemName>
      <ManufacturerName>תאי פרידה אינדסטרי</ManufacturerName>
      <ManufactureCountry>TH</ManufactureCountry>
      <ManufacturerItemDescription>רוטב צ'ילי מתוק</ManufacturerItemDescription>
      <UnitQty>גרמים</UnitQty>
      <Quantity>810.00</Quantity>
      <bIsWeighted>0</bIsWeighted>
      <UnitOfMeasure>100 גרם</UnitOfMeasure>
      <QtyInPackage>0</QtyInPackage>
      <ItemPrice>10.90</ItemPrice>
      <UnitOfMeasurePrice>1.34</UnitOfMeasurePrice>
      <AllowDiscount>1</AllowDiscount>
      <ItemStatus>1</ItemStatus>
    </Item>
    <Item>
      <PriceUpdateDate>2017-11-07 09:20</PriceUpdateDate>
      <ItemCode>7296073200987</ItemCode>
      <ItemType>1</ItemType>
      <ItemName>פטריות חתוכות 3 * 400 גר</ItemName>
      <ManufacturerName>פרוצ'אמפ</ManufacturerName>
      <ManufactureCountry>NL</ManufactureCountry>
      <ManufacturerItemDescription>פטריות חתוכות3יח</ManufacturerItemDescription>
      <UnitQty>קילוגרמים</UnitQty>
      <Quantity>1.20</Quantity>
      <bIsWeighted>0</bIsWeighted>
      <UnitOfMeasure>ק"ג</UnitOfMeasure>
      <QtyInPackage>0</QtyInPackage>
      <ItemPrice>13.60</ItemPrice>
      <UnitOfMeasurePrice>11.33</UnitOfMeasurePrice>
      <AllowDiscount>1</AllowDiscount>
      <ItemStatus>1</ItemStatus>
    </Item>
    <Item>
      <PriceUpdateDate>2015-09-30 08:08</PriceUpdateDate>
      <ItemCode>7296073201427</ItemCode>
      <ItemType>1</ItemType>
      <ItemName>סילאן 350 גרם</ItemName>
      <ManufacturerName />
      <ManufactureCountry>IL</ManufactureCountry>
      <ManufacturerItemDescription>סילאן 350 גרם</ManufacturerItemDescription>
      <UnitQty>גרמים</UnitQty>
      <Quantity>350.00</Quantity>
      <bIsWeighted>0</bIsWeighted>
      <UnitOfMeasure>100 גרם</UnitOfMeasure>
      <QtyInPackage>0</QtyInPackage>
      <ItemPrice>10.20</ItemPrice>
      <UnitOfMeasurePrice>2.91</UnitOfMeasurePrice>
      <AllowDiscount>1</AllowDiscount>
      <ItemStatus>1</ItemStatus>
    </Item>
    <Item>
      <PriceUpdateDate>2018-12-06 09:58</PriceUpdateDate>
      <ItemCode>7296073204640</ItemCode>
      <ItemType>1</ItemType>
      <ItemName>בוטן אמריקאי200ג שופרסל</ItemName>
      <ManufacturerName>ששון</ManufacturerName>
      <ManufactureCountry>IL</ManufactureCountry>
      <ManufacturerItemDescription>בוטנים אמריקאים</ManufacturerItemDescription>
      <UnitQty>גרמים</UnitQty>
      <Quantity>200.00</Quantity>
      <bIsWeighted>0</bIsWeighted>
      <UnitOfMeasure>100 גרם</UnitOfMeasure>
      <QtyInPackage>0</QtyInPackage>
      <ItemPrice>7.90</ItemPrice>
      <UnitOfMeasurePrice>3.95</UnitOfMeasurePrice>
      <AllowDiscount>1</AllowDiscount>
      <ItemStatus>1</ItemStatus>
    </Item>
    <Item>
      <PriceUpdateDate>2017-02-10 07:22</PriceUpdateDate>
      <ItemCode>7296073205487</ItemCode>
      <ItemType>1</ItemType>
      <ItemName>ספגטי מלא אורגני</ItemName>
      <ManufacturerName />
      <ManufactureCountry>IT</ManufactureCountry>
      <ManufacturerItemDescription>ספגטי מלא אורגני</ManufacturerItemDescription>
      <UnitQty>גרמים</UnitQty>
      <Quantity>500.00</Quantity>
      <bIsWeighted>0</bIsWeighted>
      <UnitOfMeasure>100 גרם</UnitOfMeasure>
      <QtyInPackage>0</QtyInPackage>
      <ItemPrice>9.30</ItemPrice>
      <UnitOfMeasurePrice>1.86</UnitOfMeasurePrice>
      <AllowDiscount>1</AllowDiscount>
      <ItemStatus>1</ItemStatus>
    </Item>
    <Item>
      <PriceUpdateDate>2020-10-10 18:30</PriceUpdateDate>
      <ItemCode>7296073206682</ItemCode>
      <ItemType>1</ItemType>
      <ItemName>טונה בשמן קנולה 160*4ג</ItemName>
      <ManufacturerName>---</ManufacturerName>
      <ManufactureCountry>IL</ManufactureCountry>
      <ManufacturerItemDescription>טונה בשמן 4 יח</ManufacturerItemDescription>
      <UnitQty>גרמים</UnitQty>
      <Quantity>640.00</Quantity>
      <bIsWeighted>0</bIsWeighted>
      <UnitOfMeasure>100 גרם</UnitOfMeasure>
      <QtyInPackage>0</QtyInPackage>
      <ItemPrice>19.90</ItemPrice>
      <UnitOfMeasurePrice>3.11</UnitOfMeasurePrice>
      <AllowDiscount>1</AllowDiscount>
      <ItemStatus>1</ItemStatus>
    </Item>
    <Item>
      <PriceUpdateDate>2020-10-03 08:10</PriceUpdateDate>
      <ItemCode>7296073207078</ItemCode>
      <ItemType>1</ItemType>
      <ItemName>בוטן קלוף קלוי וממולח</ItemName>
      <ManufacturerName>ששון</ManufacturerName>
      <ManufactureCountry>IL</ManufactureCountry>
      <ManufacturerItemDescription>בוטן קלוף קלוי</ManufacturerItemDescription>
      <UnitQty>גרמים</UnitQty>
      <Quantity>300.00</Quantity>
      <bIsWeighted>0</bIsWeighted>
      <UnitOfMeasure>100 גרם</UnitOfMeasure>
      <QtyInPackage>0</QtyInPackage>
      <ItemPrice>10.90</ItemPrice>
      <UnitOfMeasurePrice>3.63</UnitOfMeasurePrice>
      <AllowDiscount>1</AllowDiscount>
      <ItemStatus>1</ItemStatus>
    </Item>
    <Item>
      <PriceUpdateDate>2015-09-30 08:08</PriceUpdateDate>
      <ItemCode>7296073208624</ItemCode>
      <ItemType>1</ItemType>
      <ItemName>סילאן לחיץ</ItemName>
      <ManufacturerName />
      <ManufactureCountry>IL</ManufactureCountry>
      <ManufacturerItemDescription>סילאן לחיץ</ManufacturerItemDescription>
      <UnitQty>גרמים</UnitQty>
      <Quantity>400.00</Quantity>
      <bIsWeighted>0</bIsWeighted>
      <UnitOfMeasure>100 גרם</UnitOfMeasure>
      <QtyInPackage>0</QtyInPackage>
      <ItemPrice>13.40</ItemPrice>
      <UnitOfMeasurePrice>3.35</UnitOfMeasurePrice>
      <AllowDiscount>1</AllowDiscount>
      <ItemStatus>1</ItemStatus>
    </Item>
    <Item>
      <PriceUpdateDate>2020-06-23 09:24</PriceUpdateDate>
      <ItemCode>7296073211624</ItemCode>
      <ItemType>1</ItemType>
      <ItemName>פילה אמנון קפוא</ItemName>
      <ManufacturerName>---</ManufacturerName>
      <ManufactureCountry>CN</ManufactureCountry>
      <ManufacturerItemDescription>פילה אמנון קפוא</ManufacturerItemDescription>
      <UnitQty>קילוגרמים</UnitQty>
      <Quantity>0.00</Quantity>
      <bIsWeighted>1</bIsWeighted>
      <UnitOfMeasure>ק"ג</UnitOfMeasure>
      <QtyInPackage>0</QtyInPackage>
      <ItemPrice>29.90</ItemPrice>
      <UnitOfMeasurePrice>29.90</UnitOfMeasurePrice>
      <AllowDiscount>1</AllowDiscount>
      <ItemStatus>1</ItemStatus>
    </Item>
    <Item>
      <PriceUpdateDate>2014-07-21 06:58</PriceUpdateDate>
      <ItemCode>7296073211969</ItemCode>
      <ItemType>1</ItemType>
      <ItemName>ופל בלגי שוקולד200 גרם</ItemName>
      <ManufacturerName>גילרו</ManufacturerName>
      <ManufactureCountry>IL</ManufactureCountry>
      <ManufacturerItemDescription>ופל בלגי שוקולד</ManufacturerItemDescription>
      <UnitQty>גרמים</UnitQty>
      <Quantity>200.00</Quantity>
      <bIsWeighted>0</bIsWeighted>
      <UnitOfMeasure>100 גרם</UnitOfMeasure>
      <QtyInPackage>0</QtyInPackage>
      <ItemPrice>4.60</ItemPrice>
      <UnitOfMeasurePrice>2.30</UnitOfMeasurePrice>
      <AllowDiscount>1</AllowDiscount>
      <ItemStatus>1</ItemStatus>
    </Item>
    <Item>
      <PriceUpdateDate>2019-05-01 16:37</PriceUpdateDate>
      <ItemCode>7296073214120</ItemCode>
      <ItemType>1</ItemType>
      <ItemName>חתיכות אננס</ItemName>
      <ManufacturerName />
      <ManufactureCountry>TH</ManufactureCountry>
      <ManufacturerItemDescription>חתיכות אננס</ManufacturerItemDescription>
      <UnitQty>גרמים</UnitQty>
      <Quantity>850.00</Quantity>
      <bIsWeighted>0</bIsWeighted>
      <UnitOfMeasure>100 גרם</UnitOfMeasure>
      <QtyInPackage>0</QtyInPackage>
      <ItemPrice>8.90</ItemPrice>
      <UnitOfMeasurePrice>1.05</UnitOfMeasurePrice>
      <AllowDiscount>1</AllowDiscount>
      <ItemStatus>1</ItemStatus>
    </Item>
    <Item>
      <PriceUpdateDate>2015-09-30 08:07</PriceUpdateDate>
      <ItemCode>7296073215851</ItemCode>
      <ItemType>1</ItemType>
      <ItemName>כורכום במיכל</ItemName>
      <ManufacturerName />
      <ManufactureCountry>IL</ManufactureCountry>
      <ManufacturerItemDescription>כורכום במיכל</ManufacturerItemDescription>
      <UnitQty>גרמים</UnitQty>
      <Quantity>100.00</Quantity>
      <bIsWeighted>0</bIsWeighted>
      <UnitOfMeasure>100 גרם</UnitOfMeasure>
      <QtyInPackage>0</QtyInPackage>
      <ItemPrice>11.30</ItemPrice>
      <UnitOfMeasurePrice>11.30</UnitOfMeasurePrice>
      <AllowDiscount>1</AllowDiscount>
      <ItemStatus>1</ItemStatus>
    </Item>
    <Item>
      <PriceUpdateDate>2015-09-30 08:07</PriceUpdateDate>
      <ItemCode>7296073215875</ItemCode>
      <ItemType>1</ItemType>
      <ItemName>כמון טחון</ItemName>
      <ManufacturerName />
      <ManufactureCountry>IL</ManufactureCountry>
      <ManufacturerItemDescription>כמון טחון</ManufacturerItemDescription>
      <UnitQty>גרמים</UnitQty>
      <Quantity>100.00</Quantity>
      <bIsWeighted>0</bIsWeighted>
      <UnitOfMeasure>100 גרם</UnitOfMeasure>
      <QtyInPackage>0</QtyInPackage>
      <ItemPrice>8.90</ItemPrice>
      <UnitOfMeasurePrice>8.90</UnitOfMeasurePrice>
      <AllowDiscount>1</AllowDiscount>
      <ItemStatus>1</ItemStatus>
    </Item>
    <Item>
      <PriceUpdateDate>2015-09-30 08:07</PriceUpdateDate>
      <ItemCode>7296073215899</ItemCode>
      <ItemType>1</ItemType>
      <ItemName>כמון טחון</ItemName>
      <ManufacturerName />
      <ManufactureCountry>IL</ManufactureCountry>
      <ManufacturerItemDescription>כמון טחון</ManufacturerItemDescription>
      <UnitQty>גרמים</UnitQty>
      <Quantity>100.00</Quantity>
      <bIsWeighted>0</bIsWeighted>
      <UnitOfMeasure>100 גרם</UnitOfMeasure>
      <QtyInPackage>0</QtyInPackage>
      <ItemPrice>12.00</ItemPrice>
      <UnitOfMeasurePrice>12.00</UnitOfMeasurePrice>
      <AllowDiscount>1</AllowDiscount>
      <ItemStatus>1</ItemStatus>
    </Item>
    <Item>
      <PriceUpdateDate>2015-09-30 08:07</PriceUpdateDate>
      <ItemCode>7296073215912</ItemCode>
      <ItemType>1</ItemType>
      <ItemName>קנמון טחון</ItemName>
      <ManufacturerName />
      <ManufactureCountry>IL</ManufactureCountry>
      <ManufacturerItemDescription>קנמון טחון</ManufacturerItemDescription>
      <UnitQty>גרמים</UnitQty>
      <Quantity>100.00</Quantity>
      <bIsWeighted>0</bIsWeighted>
      <UnitOfMeasure>100 גרם</UnitOfMeasure>
      <QtyInPackage>0</QtyInPackage>
      <ItemPrice>7.30</ItemPrice>
      <UnitOfMeasurePrice>7.30</UnitOfMeasurePrice>
      <AllowDiscount>1</AllowDiscount>
      <ItemStatus>1</ItemStatus>
    </Item>
    <Item>
      <PriceUpdateDate>2015-09-30 08:07</PriceUpdateDate>
      <ItemCode>7296073216025</ItemCode>
      <ItemType>1</ItemType>
      <ItemName>תערובת תיבול</ItemName>
      <ManufacturerName />
      <ManufactureCountry>IL</ManufactureCountry>
      <ManufacturerItemDescription>תערובת תיבול</ManufacturerItemDescription>
      <UnitQty>גרמים</UnitQty>
      <Quantity>100.00</Quantity>
      <bIsWeighted>0</bIsWeighted>
      <UnitOfMeasure>100 גרם</UnitOfMeasure>
      <QtyInPackage>0</QtyInPackage>
      <ItemPrice>11.30</ItemPrice>
      <UnitOfMeasurePrice>11.30</UnitOfMeasurePrice>
      <AllowDiscount>1</AllowDiscount>
      <ItemStatus>1</ItemStatus>
    </Item>
    <Item>
      <PriceUpdateDate>2015-09-30 08:07</PriceUpdateDate>
      <ItemCode>7296073216094</ItemCode>
      <ItemType>1</ItemType>
      <ItemName>בהרט</ItemName>
      <ManufacturerName />
      <ManufactureCountry>IL</ManufactureCountry>
      <ManufacturerItemDescription>בהרט</ManufacturerItemDescription>
      <UnitQty>גרמים</UnitQty>
      <Quantity>100.00</Quantity>
      <bIsWeighted>0</bIsWeighted>
      <UnitOfMeasure>100 גרם</UnitOfMeasure>
      <QtyInPackage>0</QtyInPackage>
      <ItemPrice>7.80</ItemPrice>
      <UnitOfMeasurePrice>7.80</UnitOfMeasurePrice>
      <AllowDiscount>1</AllowDiscount>
      <ItemStatus>1</ItemStatus>
    </Item>
    <Item>
      <PriceUpdateDate>2015-09-30 08:07</PriceUpdateDate>
      <ItemCode>7296073216148</ItemCode>
      <ItemType>1</ItemType>
      <ItemName>פלפל שחור טחון</ItemName>
      <ManufacturerName />
      <ManufactureCountry>IL</ManufactureCountry>
      <ManufacturerItemDescription>פלפל שחור טחון</ManufacturerItemDescription>
      <UnitQty>גרמים</UnitQty>
      <Quantity>100.00</Quantity>
      <bIsWeighted>0</bIsWeighted>
      <UnitOfMeasure>100 גרם</UnitOfMeasure>
      <QtyInPackage>0</QtyInPackage>
      <ItemPrice>13.80</ItemPrice>
      <UnitOfMeasurePrice>13.80</UnitOfMeasurePrice>
      <AllowDiscount>1</AllowDiscount>
      <ItemStatus>1</ItemStatus>
    </Item>
    <Item>
      <PriceUpdateDate>2016-03-29 06:44</PriceUpdateDate>
      <ItemCode>7296073216155</ItemCode>
      <ItemType>1</ItemType>
      <ItemName>פלפל שחור</ItemName>
      <ManufacturerName />
      <ManufactureCountry>IL</ManufactureCountry>
      <ManufacturerItemDescription>פלפל שחור</ManufacturerItemDescription>
      <UnitQty>גרמים</UnitQty>
      <Quantity>40.00</Quantity>
      <bIsWeighted>0</bIsWeighted>
      <UnitOfMeasure>100 גרם</UnitOfMeasure>
      <QtyInPackage>0</QtyInPackage>
      <ItemPrice>11.20</ItemPrice>
      <UnitOfMeasurePrice>28.00</UnitOfMeasurePrice>
      <AllowDiscount>1</AllowDiscount>
      <ItemStatus>1</ItemStatus>
    </Item>
    <Item>
      <PriceUpdateDate>2016-02-23 07:37</PriceUpdateDate>
      <ItemCode>7296073216186</ItemCode>
      <ItemType>1</ItemType>
      <ItemName>פלפל שחור</ItemName>
      <ManufacturerName />
      <ManufactureCountry>IL</ManufactureCountry>
      <ManufacturerItemDescription>פלפל שחור</ManufacturerItemDescription>
      <UnitQty>גרמים</UnitQty>
      <Quantity>40.00</Quantity>
      <bIsWeighted>0</bIsWeighted>
      <UnitOfMeasure>100 גרם</UnitOfMeasure>
      <QtyInPackage>0</QtyInPackage>
      <ItemPrice>10.50</ItemPrice>
      <UnitOfMeasurePrice>26.25</UnitOfMeasurePrice>
      <AllowDiscount>1</AllowDiscount>
      <ItemStatus>1</ItemStatus>
    </Item>
    <Item>
      <PriceUpdateDate>2016-03-29 06:44</PriceUpdateDate>
      <ItemCode>7296073216223</ItemCode>
      <ItemType>1</ItemType>
      <ItemName>פפריקה מתוקה</ItemName>
      <ManufacturerName />
      <ManufactureCountry>IL</ManufactureCountry>
      <ManufacturerItemDescription>פפריקה מתוקה</ManufacturerItemDescription>
      <UnitQty>גרמים</UnitQty>
      <Quantity>80.00</Quantity>
      <bIsWeighted>0</bIsWeighted>
      <UnitOfMeasure>100 גרם</UnitOfMeasure>
      <QtyInPackage>0</QtyInPackage>
      <ItemPrice>5.50</ItemPrice>
      <UnitOfMeasurePrice>6.88</UnitOfMeasurePrice>
      <AllowDiscount>1</AllowDiscount>
      <ItemStatus>1</ItemStatus>
    </Item>
    <Item>
      <PriceUpdateDate>2015-09-30 08:07</PriceUpdateDate>
      <ItemCode>7296073216247</ItemCode>
      <ItemType>1</ItemType>
      <ItemName>פפריקה מתוקה</ItemName>
      <ManufacturerName />
      <ManufactureCountry>IL</ManufactureCountry>
      <ManufacturerItemDescription>פפריקה מתוקה</ManufacturerItemDescription>
      <UnitQty>גרמים</UnitQty>
      <Quantity>100.00</Quantity>
      <bIsWeighted>0</bIsWeighted>
      <UnitOfMeasure>100 גרם</UnitOfMeasure>
      <QtyInPackage>0</QtyInPackage>
      <ItemPrice>12.00</ItemPrice>
      <UnitOfMeasurePrice>12.00</UnitOfMeasurePrice>
      <AllowDiscount>1</AllowDiscount>
      <ItemStatus>1</ItemStatus>
    </Item>
    <Item>
      <PriceUpdateDate>2015-09-30 08:07</PriceUpdateDate>
      <ItemCode>7296073216261</ItemCode>
      <ItemType>1</ItemType>
      <ItemName>פפריקה מתוקה</ItemName>
      <ManufacturerName />
      <ManufactureCountry>IL</ManufactureCountry>
      <ManufacturerItemDescription>פפריקה מתוקה</ManufacturerItemDescription>
      <UnitQty>גרמים</UnitQty>
      <Quantity>80.00</Quantity>
      <bIsWeighted>0</bIsWeighted>
      <UnitOfMeasure>100 גרם</UnitOfMeasure>
      <QtyInPackage>0</QtyInPackage>
      <ItemPrice>7.10</ItemPrice>
      <UnitOfMeasurePrice>8.88</UnitOfMeasurePrice>
      <AllowDiscount>1</AllowDiscount>
      <ItemStatus>1</ItemStatus>
    </Item>
    <Item>
      <PriceUpdateDate>2015-09-30 08:07</PriceUpdateDate>
      <ItemCode>7296073216315</ItemCode>
      <ItemType>1</ItemType>
      <ItemName>מלח לימון</ItemName>
      <ManufacturerName />
      <ManufactureCountry>IL</ManufactureCountry>
      <ManufacturerItemDescription>מלח לימון</ManufacturerItemDescription>
      <UnitQty>גרמים</UnitQty>
      <Quantity>100.00</Quantity>
      <bIsWeighted>0</bIsWeighted>
      <UnitOfMeasure>100 גרם</UnitOfMeasure>
      <QtyInPackage>0</QtyInPackage>
      <ItemPrice>7.60</ItemPrice>
      <UnitOfMeasurePrice>7.60</UnitOfMeasurePrice>
      <AllowDiscount>1</AllowDiscount>
      <ItemStatus>1</ItemStatus>
    </Item>
    <Item>
      <PriceUpdateDate>2020-10-10 21:30</PriceUpdateDate>
      <ItemCode>7296073218661</ItemCode>
      <ItemType>1</ItemType>
      <ItemName>מטליות לרצפה 3יח</ItemName>
      <ManufacturerName />
      <ManufactureCountry>CN</ManufactureCountry>
      <ManufacturerItemDescription>מטליות לרצפה 3יח</ManufacturerItemDescription>
      <UnitQty>יחידה</UnitQty>
      <Quantity>1.00</Quantity>
      <bIsWeighted>0</bIsWeighted>
      <UnitOfMeasure>יחידה</UnitOfMeasure>
      <QtyInPackage>0</QtyInPackage>
      <ItemPrice>19.90</ItemPrice>
      <UnitOfMeasurePrice>19.90</UnitOfMeasurePrice>
      <AllowDiscount>1</AllowDiscount>
      <ItemStatus>1</ItemStatus>
    </Item>
    <Item>
      <PriceUpdateDate>2016-03-29 06:44</PriceUpdateDate>
      <ItemCode>7296073218753</ItemCode>
      <ItemType>1</ItemType>
      <ItemName>פתי בר שופרסל 500 גרם</ItemName>
      <ManufacturerName>BV BISCUIT PALLY</ManufacturerName>
      <ManufactureCountry>NL</ManufactureCountry>
      <ManufacturerItemDescription>פתי בר</ManufacturerItemDescription>
      <UnitQty>גרמים</UnitQty>
      <Quantity>500.00</Quantity>
      <bIsWeighted>0</bIsWeighted>
      <UnitOfMeasure>100 גרם</UnitOfMeasure>
      <QtyInPackage>0</QtyInPackage>
      <ItemPrice>9.90</ItemPrice>
      <UnitOfMeasurePrice>1.98</UnitOfMeasurePrice>
      <AllowDiscount>1</AllowDiscount>
      <ItemStatus>1</ItemStatus>
    </Item>
    <Item>
      <PriceUpdateDate>2017-08-01 07:06</PriceUpdateDate>
      <ItemCode>7296073218807</ItemCode>
      <ItemType>1</ItemType>
      <ItemName>בישקוטים</ItemName>
      <ManufacturerName />
      <ManufactureCountry>IT</ManufactureCountry>
      <ManufacturerItemDescription>בישקוטים</ManufacturerItemDescription>
      <UnitQty>גרמים</UnitQty>
      <Quantity>200.00</Quantity>
      <bIsWeighted>0</bIsWeighted>
      <UnitOfMeasure>100 גרם</UnitOfMeasure>
      <QtyInPackage>0</QtyInPackage>
      <ItemPrice>8.20</ItemPrice>
      <UnitOfMeasurePrice>4.10</UnitOfMeasurePrice>
      <AllowDiscount>1</AllowDiscount>
      <ItemStatus>1</ItemStatus>
    </Item>
    <Item>
      <PriceUpdateDate>2019-02-03 13:02</PriceUpdateDate>
      <ItemCode>7296073218920</ItemCode>
      <ItemType>1</ItemType>
      <ItemName>לחם אחיד פרוס שופרסל 750</ItemName>
      <ManufacturerName>מאפיית שלמה א. אנג'ל</ManufacturerName>
      <ManufactureCountry>IL</ManufactureCountry>
      <ManufacturerItemDescription>לחם אחיד פרוס</ManufacturerItemDescription>
      <UnitQty>גרמים</UnitQty>
      <Quantity>750.00</Quantity>
      <bIsWeighted>0</bIsWeighted>
      <UnitOfMeasure>100 גרם</UnitOfMeasure>
      <QtyInPackage>0</QtyInPackage>
      <ItemPrice>7.11</ItemPrice>
      <UnitOfMeasurePrice>0.95</UnitOfMeasurePrice>
      <AllowDiscount>1</AllowDiscount>
      <ItemStatus>1</ItemStatus>
    </Item>
    <Item>
      <PriceUpdateDate>2017-12-05 11:56</PriceUpdateDate>
      <ItemCode>7296073219118</ItemCode>
      <ItemType>1</ItemType>
      <ItemName>אבקת כביסה</ItemName>
      <ManufacturerName />
      <ManufactureCountry>IL</ManufactureCountry>
      <ManufacturerItemDescription>אבקת כביסה</ManufacturerItemDescription>
      <UnitQty>קילוגרמים</UnitQty>
      <Quantity>2.50</Quantity>
      <bIsWeighted>0</bIsWeighted>
      <UnitOfMeasure>ק"ג</UnitOfMeasure>
      <QtyInPackage>0</QtyInPackage>
      <ItemPrice>22.90</ItemPrice>
      <UnitOfMeasurePrice>9.16</UnitOfMeasurePrice>
      <AllowDiscount>1</AllowDiscount>
      <ItemStatus>1</ItemStatus>
    </Item>
    <Item>
      <PriceUpdateDate>2019-02-03 13:02</PriceUpdateDate>
      <ItemCode>7296073219347</ItemCode>
      <ItemType>1</ItemType>
      <ItemName>לחם אחיד פרוס750ג שופרסל</ItemName>
      <ManufacturerName>מאפית ברמן</ManufacturerName>
      <ManufactureCountry>IL</ManufactureCountry>
      <ManufacturerItemDescription>לחם אחיד פרוס</ManufacturerItemDescription>
      <UnitQty>גרמים</UnitQty>
      <Quantity>750.00</Quantity>
      <bIsWeighted>0</bIsWeighted>
      <UnitOfMeasure>100 גרם</UnitOfMeasure>
      <QtyInPackage>0</QtyInPackage>
      <ItemPrice>7.11</ItemPrice>
      <UnitOfMeasurePrice>0.95</UnitOfMeasurePrice>
      <AllowDiscount>1</AllowDiscount>
      <ItemStatus>1</ItemStatus>
    </Item>
    <Item>
      <PriceUpdateDate>2015-09-30 08:07</PriceUpdateDate>
      <ItemCode>7296073219675</ItemCode>
      <ItemType>1</ItemType>
      <ItemName>פלפל שחור גרוס</ItemName>
      <ManufacturerName />
      <ManufactureCountry>IL</ManufactureCountry>
      <ManufacturerItemDescription>פלפל שחור גרוס</ManufacturerItemDescription>
      <UnitQty>גרמים</UnitQty>
      <Quantity>80.00</Quantity>
      <bIsWeighted>0</bIsWeighted>
      <UnitOfMeasure>100 גרם</UnitOfMeasure>
      <QtyInPackage>0</QtyInPackage>
      <ItemPrice>11.20</ItemPrice>
      <UnitOfMeasurePrice>14.00</UnitOfMeasurePrice>
      <AllowDiscount>1</AllowDiscount>
      <ItemStatus>1</ItemStatus>
    </Item>
    <Item>
      <PriceUpdateDate>2017-12-05 11:57</PriceUpdateDate>
      <ItemCode>7296073219958</ItemCode>
      <ItemType>1</ItemType>
      <ItemName>חט.דגנים שוקו+מריר23*6ג</ItemName>
      <ManufacturerName>back and Snack</ManufacturerName>
      <ManufactureCountry>AT</ManufactureCountry>
      <ManufacturerItemDescription>חטיף דגנים</ManufacturerItemDescription>
      <UnitQty>גרמים</UnitQty>
      <Quantity>138.00</Quantity>
      <bIsWeighted>0</bIsWeighted>
      <UnitOfMeasure>100 גרם</UnitOfMeasure>
      <QtyInPackage>0</QtyInPackage>
      <ItemPrice>10.90</ItemPrice>
      <UnitOfMeasurePrice>7.90</UnitOfMeasurePrice>
      <AllowDiscount>1</AllowDiscount>
      <ItemStatus>1</ItemStatus>
    </Item>
    <Item>
      <PriceUpdateDate>2017-12-05 11:57</PriceUpdateDate>
      <ItemCode>7296073219965</ItemCode>
      <ItemType>1</ItemType>
      <ItemName>חט.דגנים שוק.חלב+בוט23*6</ItemName>
      <ManufacturerName>back and Snack</ManufacturerName>
      <ManufactureCountry>AT</ManufactureCountry>
      <ManufacturerItemDescription>חטיף בוטנים</ManufacturerItemDescription>
      <UnitQty>גרמים</UnitQty>
      <Quantity>138.00</Quantity>
      <bIsWeighted>0</bIsWeighted>
      <UnitOfMeasure>100 גרם</UnitOfMeasure>
      <QtyInPackage>0</QtyInPackage>
      <ItemPrice>10.90</ItemPrice>
      <UnitOfMeasurePrice>7.90</UnitOfMeasurePrice>
      <AllowDiscount>1</AllowDiscount>
      <ItemStatus>1</ItemStatus>
    </Item>
    <Item>
      <PriceUpdateDate>2016-03-29 06:44</PriceUpdateDate>
      <ItemCode>7296073220022</ItemCode>
      <ItemType>1</ItemType>
      <ItemName>אבקת קקאו</ItemName>
      <ManufacturerName />
      <ManufactureCountry>IL</ManufactureCountry>
      <ManufacturerItemDescription>אבקת קקאו</ManufacturerItemDescription>
      <UnitQty>גרמים</UnitQty>
      <Quantity>150.00</Quantity>
      <bIsWeighted>0</bIsWeighted>
      <UnitOfMeasure>100 גרם</UnitOfMeasure>
      <QtyInPackage>0</QtyInPackage>
      <ItemPrice>8.50</ItemPrice>
      <UnitOfMeasurePrice>5.67</UnitOfMeasurePrice>
      <AllowDiscount>1</AllowDiscount>
      <ItemStatus>1</ItemStatus>
    </Item>
    <Item>
      <PriceUpdateDate>2020-01-14 08:56</PriceUpdateDate>
      <ItemCode>7296073220176</ItemCode>
      <ItemType>1</ItemType>
      <ItemName>מרשמלו ורוד לבן</ItemName>
      <ManufacturerName />
      <ManufactureCountry>IL</ManufactureCountry>
      <ManufacturerItemDescription>מרשמלו ורוד לבן</ManufacturerItemDescription>
      <UnitQty>גרמים</UnitQty>
      <Quantity>180.00</Quantity>
      <bIsWeighted>0</bIsWeighted>
      <UnitOfMeasure>100 גרם</UnitOfMeasure>
      <QtyInPackage>0</QtyInPackage>
      <ItemPrice>6.90</ItemPrice>
      <UnitOfMeasurePrice>3.83</UnitOfMeasurePrice>
      <AllowDiscount>1</AllowDiscount>
      <ItemStatus>1</ItemStatus>
    </Item>
    <Item>
      <PriceUpdateDate>2017-05-09 07:48</PriceUpdateDate>
      <ItemCode>7296073220282</ItemCode>
      <ItemType>1</ItemType>
      <ItemName>ופלים לימון שופרסל500גר</ItemName>
      <ManufacturerName>מנעמים תעשיות מזון בע"\מ</ManufacturerName>
      <ManufactureCountry>IL</ManufactureCountry>
      <ManufacturerItemDescription>ופל טעם לימון</ManufacturerItemDescription>
      <UnitQty>גרמים</UnitQty>
      <Quantity>500.00</Quantity>
      <bIsWeighted>0</bIsWeighted>
      <UnitOfMeasure>100 גרם</UnitOfMeasure>
      <QtyInPackage>0</QtyInPackage>
      <ItemPrice>9.90</ItemPrice>
      <UnitOfMeasurePrice>1.98</UnitOfMeasurePrice>
      <AllowDiscount>1</AllowDiscount>
      <ItemStatus>1</ItemStatus>
    </Item>
    <Item>
      <PriceUpdateDate>2016-01-05 06:48</PriceUpdateDate>
      <ItemCode>7296073220398</ItemCode>
      <ItemType>1</ItemType>
      <ItemName>חטיפי קרח</ItemName>
      <ManufacturerName />
      <ManufactureCountry>IL</ManufactureCountry>
      <ManufacturerItemDescription>חטיפי קרח</ManufacturerItemDescription>
      <UnitQty>מיליליטרים</UnitQty>
      <Quantity>800.00</Quantity>
      <bIsWeighted>0</bIsWeighted>
      <UnitOfMeasure>100 מ"ל</UnitOfMeasure>
      <QtyInPackage>0</QtyInPackage>
      <ItemPrice>7.90</ItemPrice>
      <UnitOfMeasurePrice>0.99</UnitOfMeasurePrice>
      <AllowDiscount>1</AllowDiscount>
      <ItemStatus>1</ItemStatus>
    </Item>
    <Item>
      <PriceUpdateDate>2014-08-11 15:27</PriceUpdateDate>
      <ItemCode>7296073221319</ItemCode>
      <ItemType>1</ItemType>
      <ItemName>כף קרם 100 יח,' 2 גרם</ItemName>
      <ManufacturerName>כללי</ManufacturerName>
      <ManufactureCountry>IL</ManufactureCountry>
      <ManufacturerItemDescription>כף קרם ח"פ</ManufacturerItemDescription>
      <UnitQty>יחידה</UnitQty>
      <Quantity>1.00</Quantity>
      <bIsWeighted>0</bIsWeighted>
      <UnitOfMeasure>יחידה</UnitOfMeasure>
      <QtyInPackage>0</QtyInPackage>
      <ItemPrice>8.90</ItemPrice>
      <UnitOfMeasurePrice>8.90</UnitOfMeasurePrice>
      <AllowDiscount>1</AllowDiscount>
      <ItemStatus>1</ItemStatus>
    </Item>
    <Item>
      <PriceUpdateDate>2019-06-19 08:00</PriceUpdateDate>
      <ItemCode>7296073221326</ItemCode>
      <ItemType>1</ItemType>
      <ItemName>כפית קרם 100 יח,' 1.4גרם</ItemName>
      <ManufacturerName>כללי</ManufacturerName>
      <ManufactureCountry>IL</ManufactureCountry>
      <ManufacturerItemDescription>כפית קרם ח"פ</ManufacturerItemDescription>
      <UnitQty>יחידה</UnitQty>
      <Quantity>1.00</Quantity>
      <bIsWeighted>0</bIsWeighted>
      <UnitOfMeasure>יחידה</UnitOfMeasure>
      <QtyInPackage>0</QtyInPackage>
      <ItemPrice>8.90</ItemPrice>
      <UnitOfMeasurePrice>8.90</UnitOfMeasurePrice>
      <AllowDiscount>1</AllowDiscount>
      <ItemStatus>1</ItemStatus>
    </Item>
    <Item>
      <PriceUpdateDate>2014-08-11 15:27</PriceUpdateDate>
      <ItemCode>7296073221333</ItemCode>
      <ItemType>1</ItemType>
      <ItemName>מזלג קרם 100 יח,' 2 גרם</ItemName>
      <ManufacturerName>כללי</ManufacturerName>
      <ManufactureCountry>IL</ManufactureCountry>
      <ManufacturerItemDescription>מזלג קרם ח"פ</ManufacturerItemDescription>
      <UnitQty>יחידה</UnitQty>
      <Quantity>1.00</Quantity>
      <bIsWeighted>0</bIsWeighted>
      <UnitOfMeasure>יחידה</UnitOfMeasure>
      <QtyInPackage>0</QtyInPackage>
      <ItemPrice>8.90</ItemPrice>
      <UnitOfMeasurePrice>8.90</UnitOfMeasurePrice>
      <AllowDiscount>1</AllowDiscount>
      <ItemStatus>1</ItemStatus>
    </Item>
    <Item>
      <PriceUpdateDate>2014-08-11 15:27</PriceUpdateDate>
      <ItemCode>7296073221340</ItemCode>
      <ItemType>1</ItemType>
      <ItemName>סכין קרם 100 יח,' 2 גרם</ItemName>
      <ManufacturerName>כללי</ManufacturerName>
      <ManufactureCountry>IL</ManufactureCountry>
      <ManufacturerItemDescription>סכין קרם ח"פ</ManufacturerItemDescription>
      <UnitQty>יחידה</UnitQty>
      <Quantity>1.00</Quantity>
      <bIsWeighted>0</bIsWeighted>
      <UnitOfMeasure>יחידה</UnitOfMeasure>
      <QtyInPackage>0</QtyInPackage>
      <ItemPrice>8.90</ItemPrice>
      <UnitOfMeasurePrice>8.90</UnitOfMeasurePrice>
      <AllowDiscount>1</AllowDiscount>
      <ItemStatus>1</ItemStatus>
    </Item>
    <Item>
      <PriceUpdateDate>2017-05-09 07:48</PriceUpdateDate>
      <ItemCode>7296073221791</ItemCode>
      <ItemType>1</ItemType>
      <ItemName>ופל אגוזים 400 גרם</ItemName>
      <ManufacturerName>מנעמים</ManufacturerName>
      <ManufactureCountry>IL</ManufactureCountry>
      <ManufacturerItemDescription>ופל אגוזים</ManufacturerItemDescription>
      <UnitQty>גרמים</UnitQty>
      <Quantity>400.00</Quantity>
      <bIsWeighted>0</bIsWeighted>
      <UnitOfMeasure>100 גרם</UnitOfMeasure>
      <QtyInPackage>0</QtyInPackage>
      <ItemPrice>9.90</ItemPrice>
      <UnitOfMeasurePrice>2.48</UnitOfMeasurePrice>
      <AllowDiscount>1</AllowDiscount>
      <ItemStatus>1</ItemStatus>
    </Item>
    <Item>
      <PriceUpdateDate>2017-02-07 07:17</PriceUpdateDate>
      <ItemCode>7296073222200</ItemCode>
      <ItemType>1</ItemType>
      <ItemName>פסטרמה הודו על גחלים שופ</ItemName>
      <ManufacturerName>---</ManufacturerName>
      <ManufactureCountry>IL</ManufactureCountry>
      <ManufacturerItemDescription>פסטרמה הודו</ManufacturerItemDescription>
      <UnitQty>גרמים</UnitQty>
      <Quantity>300.00</Quantity>
      <bIsWeighted>0</bIsWeighted>
      <UnitOfMeasure>100 גרם</UnitOfMeasure>
      <QtyInPackage>0</QtyInPackage>
      <ItemPrice>22.90</ItemPrice>
      <UnitOfMeasurePrice>7.63</UnitOfMeasurePrice>
      <AllowDiscount>1</AllowDiscount>
      <ItemStatus>1</ItemStatus>
    </Item>
    <Item>
      <PriceUpdateDate>2018-02-21 10:09</PriceUpdateDate>
      <ItemCode>7296073222231</ItemCode>
      <ItemType>1</ItemType>
      <ItemName>פסטרמה בדבש דק דק 140 גר</ItemName>
      <ManufacturerName>---</ManufacturerName>
      <ManufactureCountry>IL</ManufactureCountry>
      <ManufacturerItemDescription>פסטרמה בדבש</ManufacturerItemDescription>
      <UnitQty>גרמים</UnitQty>
      <Quantity>140.00</Quantity>
      <bIsWeighted>0</bIsWeighted>
      <UnitOfMeasure>100 גרם</UnitOfMeasure>
      <QtyInPackage>0</QtyInPackage>
      <ItemPrice>11.90</ItemPrice>
      <UnitOfMeasurePrice>8.50</UnitOfMeasurePrice>
      <AllowDiscount>1</AllowDiscount>
      <ItemStatus>1</ItemStatus>
    </Item>
    <Item>
      <PriceUpdateDate>2016-01-05 06:48</PriceUpdateDate>
      <ItemCode>7296073222255</ItemCode>
      <ItemType>1</ItemType>
      <ItemName>סלמי מעושן שופרסל 400 גר</ItemName>
      <ManufacturerName>מעדני יחיעם</ManufacturerName>
      <ManufactureCountry>IL</ManufactureCountry>
      <ManufacturerItemDescription>סלמי מעושן</ManufacturerItemDescription>
      <UnitQty>גרמים</UnitQty>
      <Quantity>400.00</Quantity>
      <bIsWeighted>0</bIsWeighted>
      <UnitOfMeasure>100 גרם</UnitOfMeasure>
      <QtyInPackage>0</QtyInPackage>
      <ItemPrice>22.90</ItemPrice>
      <UnitOfMeasurePrice>5.73</UnitOfMeasurePrice>
      <AllowDiscount>1</AllowDiscount>
      <ItemStatus>1</ItemStatus>
    </Item>
    <Item>
      <PriceUpdateDate>2015-09-30 08:11</PriceUpdateDate>
      <ItemCode>7296073222279</ItemCode>
      <ItemType>1</ItemType>
      <ItemName>נקניקיות וינר שופרסל 1קג</ItemName>
      <ManufacturerName>מעדני יחיעם</ManufacturerName>
      <ManufactureCountry>IL</ManufactureCountry>
      <ManufacturerItemDescription>נקניקיות וינר</ManufacturerItemDescription>
      <UnitQty>קילוגרמים</UnitQty>
      <Quantity>1.00</Quantity>
      <bIsWeighted>0</bIsWeighted>
      <UnitOfMeasure>ק"ג</UnitOfMeasure>
      <QtyInPackage>0</QtyInPackage>
      <ItemPrice>24.20</ItemPrice>
      <UnitOfMeasurePrice>24.20</UnitOfMeasurePrice>
      <AllowDiscount>1</AllowDiscount>
      <ItemStatus>1</ItemStatus>
    </Item>
    <Item>
      <PriceUpdateDate>2020-10-10 19:40</PriceUpdateDate>
      <ItemCode>7296073222309</ItemCode>
      <ItemType>1</ItemType>
      <ItemName>ג'חנון קפוא שופרסל 650 ג</ItemName>
      <ManufacturerName>אופרה</ManufacturerName>
      <ManufactureCountry>IL</ManufactureCountry>
      <ManufacturerItemDescription>ג'חנון קפוא שופר</ManufacturerItemDescription>
      <UnitQty>גרמים</UnitQty>
      <Quantity>650.00</Quantity>
      <bIsWeighted>0</bIsWeighted>
      <UnitOfMeasure>100 גרם</UnitOfMeasure>
      <QtyInPackage>0</QtyInPackage>
      <ItemPrice>11.90</ItemPrice>
      <UnitOfMeasurePrice>1.83</UnitOfMeasurePrice>
      <AllowDiscount>1</AllowDiscount>
      <ItemStatus>1</ItemStatus>
    </Item>
    <Item>
      <PriceUpdateDate>2020-10-10 19:40</PriceUpdateDate>
      <ItemCode>7296073222316</ItemCode>
      <ItemType>1</ItemType>
      <ItemName>ג'חנון אפוי שופרסל 650ג</ItemName>
      <ManufacturerName>אופרה</ManufacturerName>
      <ManufactureCountry>IL</ManufactureCountry>
      <ManufacturerItemDescription>ג'חנון אפוי שופר</ManufacturerItemDescription>
      <UnitQty>גרמים</UnitQty>
      <Quantity>650.00</Quantity>
      <bIsWeighted>0</bIsWeighted>
      <UnitOfMeasure>100 גרם</UnitOfMeasure>
      <QtyInPackage>0</QtyInPackage>
      <ItemPrice>13.90</ItemPrice>
      <UnitOfMeasurePrice>2.14</UnitOfMeasurePrice>
      <AllowDiscount>1</AllowDiscount>
      <ItemStatus>1</ItemStatus>
    </Item>
    <Item>
      <PriceUpdateDate>2020-10-11 22:20</PriceUpdateDate>
      <ItemCode>7296073223009</ItemCode>
      <ItemType>1</ItemType>
      <ItemName>שמן זית</ItemName>
      <ManufacturerName />
      <ManufactureCountry>IT</ManufactureCountry>
      <ManufacturerItemDescription>שמן זית</ManufacturerItemDescription>
      <UnitQty>מיליליטרים</UnitQty>
      <Quantity>750.00</Quantity>
      <bIsWeighted>0</bIsWeighted>
      <UnitOfMeasure>100 מ"ל</UnitOfMeasure>
      <QtyInPackage>0</QtyInPackage>
      <ItemPrice>29.90</ItemPrice>
      <UnitOfMeasurePrice>3.99</UnitOfMeasurePrice>
      <AllowDiscount>1</AllowDiscount>
      <ItemStatus>1</ItemStatus>
    </Item>
    <Item>
      <PriceUpdateDate>2016-01-05 06:48</PriceUpdateDate>
      <ItemCode>7296073223993</ItemCode>
      <ItemType>1</ItemType>
      <ItemName>מזון חתולים</ItemName>
      <ManufacturerName />
      <ManufactureCountry>IL</ManufactureCountry>
      <ManufacturerItemDescription>מזון חתולים</ManufacturerItemDescription>
      <UnitQty>גרמים</UnitQty>
      <Quantity>400.00</Quantity>
      <bIsWeighted>0</bIsWeighted>
      <UnitOfMeasure>100 גרם</UnitOfMeasure>
      <QtyInPackage>0</QtyInPackage>
      <ItemPrice>8.00</ItemPrice>
      <UnitOfMeasurePrice>2.00</UnitOfMeasurePrice>
      <AllowDiscount>1</AllowDiscount>
      <ItemStatus>1</ItemStatus>
    </Item>
    <Item>
      <PriceUpdateDate>2017-02-07 07:16</PriceUpdateDate>
      <ItemCode>7296073224228</ItemCode>
      <ItemType>1</ItemType>
      <ItemName>דבש טבעי שופרסל 1 ק"ג</ItemName>
      <ManufacturerName>מאאס הוני איי אנ טי</ManufacturerName>
      <ManufactureCountry>IL</ManufactureCountry>
      <ManufacturerItemDescription>דבש טבעי</ManufacturerItemDescription>
      <UnitQty>קילוגרמים</UnitQty>
      <Quantity>1.00</Quantity>
      <bIsWeighted>0</bIsWeighted>
      <UnitOfMeasure>ק"ג</UnitOfMeasure>
      <QtyInPackage>0</QtyInPackage>
      <ItemPrice>41.90</ItemPrice>
      <UnitOfMeasurePrice>41.90</UnitOfMeasurePrice>
      <AllowDiscount>1</AllowDiscount>
      <ItemStatus>1</ItemStatus>
    </Item>
    <Item>
      <PriceUpdateDate>2019-05-07 12:39</PriceUpdateDate>
      <ItemCode>7296073224457</ItemCode>
      <ItemType>1</ItemType>
      <ItemName>כוסמת אורגנית</ItemName>
      <ManufacturerName />
      <ManufactureCountry>IL</ManufactureCountry>
      <ManufacturerItemDescription>כוסמת אורגנית</ManufacturerItemDescription>
      <UnitQty>גרמים</UnitQty>
      <Quantity>500.00</Quantity>
      <bIsWeighted>0</bIsWeighted>
      <UnitOfMeasure>100 גרם</UnitOfMeasure>
      <QtyInPackage>0</QtyInPackage>
      <ItemPrice>8.90</ItemPrice>
      <UnitOfMeasurePrice>1.78</UnitOfMeasurePrice>
      <AllowDiscount>1</AllowDiscount>
      <ItemStatus>1</ItemStatus>
    </Item>
    <Item>
      <PriceUpdateDate>2018-02-21 10:09</PriceUpdateDate>
      <ItemCode>7296073224525</ItemCode>
      <ItemType>1</ItemType>
      <ItemName>קוואקר אורגני</ItemName>
      <ManufacturerName />
      <ManufactureCountry>IL</ManufactureCountry>
      <ManufacturerItemDescription>קוואקר אורגני</ManufacturerItemDescription>
      <UnitQty>גרמים</UnitQty>
      <Quantity>500.00</Quantity>
      <bIsWeighted>0</bIsWeighted>
      <UnitOfMeasure>100 גרם</UnitOfMeasure>
      <QtyInPackage>0</QtyInPackage>
      <ItemPrice>11.90</ItemPrice>
      <UnitOfMeasurePrice>2.38</UnitOfMeasurePrice>
      <AllowDiscount>1</AllowDiscount>
      <ItemStatus>1</ItemStatus>
    </Item>
    <Item>
      <PriceUpdateDate>2019-03-03 09:01</PriceUpdateDate>
      <ItemCode>7296073224563</ItemCode>
      <ItemType>1</ItemType>
      <ItemName>סלט טחינה שופרסל 400 גרם</ItemName>
      <ManufacturerName>סלטי שמיר</ManufacturerName>
      <ManufactureCountry>IL</ManufactureCountry>
      <ManufacturerItemDescription>סלט טחינה</ManufacturerItemDescription>
      <UnitQty>גרמים</UnitQty>
      <Quantity>400.00</Quantity>
      <bIsWeighted>0</bIsWeighted>
      <UnitOfMeasure>100 גרם</UnitOfMeasure>
      <QtyInPackage>0</QtyInPackage>
      <ItemPrice>9.90</ItemPrice>
      <UnitOfMeasurePrice>2.48</UnitOfMeasurePrice>
      <AllowDiscount>1</AllowDiscount>
      <ItemStatus>1</ItemStatus>
    </Item>
    <Item>
      <PriceUpdateDate>2019-05-22 08:26</PriceUpdateDate>
      <ItemCode>7296073224570</ItemCode>
      <ItemType>1</ItemType>
      <ItemName>חומוס אסלי שופרסל 400גרם</ItemName>
      <ManufacturerName>סלטי שמיר</ManufacturerName>
      <ManufactureCountry>IL</ManufactureCountry>
      <ManufacturerItemDescription>חומוס אסלי</ManufacturerItemDescription>
      <UnitQty>גרמים</UnitQty>
      <Quantity>400.00</Quantity>
      <bIsWeighted>0</bIsWeighted>
      <UnitOfMeasure>100 גרם</UnitOfMeasure>
      <QtyInPackage>0</QtyInPackage>
      <ItemPrice>9.90</ItemPrice>
      <UnitOfMeasurePrice>2.48</UnitOfMeasurePrice>
      <AllowDiscount>1</AllowDiscount>
      <ItemStatus>1</ItemStatus>
    </Item>
    <Item>
      <PriceUpdateDate>2019-03-03 09:01</PriceUpdateDate>
      <ItemCode>7296073224587</ItemCode>
      <ItemType>1</ItemType>
      <ItemName>כרוב אדום שופרסל 400 גרם</ItemName>
      <ManufacturerName>סלטי שמיר</ManufacturerName>
      <ManufactureCountry>IL</ManufactureCountry>
      <ManufacturerItemDescription>סלט כרוב אדום</ManufacturerItemDescription>
      <UnitQty>גרמים</UnitQty>
      <Quantity>400.00</Quantity>
      <bIsWeighted>0</bIsWeighted>
      <UnitOfMeasure>100 גרם</UnitOfMeasure>
      <QtyInPackage>0</QtyInPackage>
      <ItemPrice>9.90</ItemPrice>
      <UnitOfMeasurePrice>2.48</UnitOfMeasurePrice>
      <AllowDiscount>1</AllowDiscount>
      <ItemStatus>1</ItemStatus>
    </Item>
    <Item>
      <PriceUpdateDate>2019-03-03 09:01</PriceUpdateDate>
      <ItemCode>7296073224594</ItemCode>
      <ItemType>1</ItemType>
      <ItemName>סלט חציל במיונז שופר400ג</ItemName>
      <ManufacturerName>סלטי שמיר</ManufacturerName>
      <ManufactureCountry>IL</ManufactureCountry>
      <ManufacturerItemDescription>סלט חצילים מיונז</ManufacturerItemDescription>
      <UnitQty>גרמים</UnitQty>
      <Quantity>400.00</Quantity>
      <bIsWeighted>0</bIsWeighted>
      <UnitOfMeasure>100 גרם</UnitOfMeasure>
      <QtyInPackage>0</QtyInPackage>
      <ItemPrice>9.90</ItemPrice>
      <UnitOfMeasurePrice>2.48</UnitOfMeasurePrice>
      <AllowDiscount>1</AllowDiscount>
      <ItemStatus>1</ItemStatus>
    </Item>
    <Item>
      <PriceUpdateDate>2019-12-24 07:42</PriceUpdateDate>
      <ItemCode>7296073224600</ItemCode>
      <ItemType>1</ItemType>
      <ItemName>חומוס שופרסל 1 ק"ג</ItemName>
      <ManufacturerName>סלטי שמיר</ManufacturerName>
      <ManufactureCountry>IL</ManufactureCountry>
      <ManufacturerItemDescription>סלט חומוס</ManufacturerItemDescription>
      <UnitQty>קילוגרמים</UnitQty>
      <Quantity>1.00</Quantity>
      <bIsWeighted>0</bIsWeighted>
      <UnitOfMeasure>ק"ג</UnitOfMeasure>
      <QtyInPackage>0</QtyInPackage>
      <ItemPrice>12.90</ItemPrice>
      <UnitOfMeasurePrice>12.90</UnitOfMeasurePrice>
      <AllowDiscount>1</AllowDiscount>
      <ItemStatus>1</ItemStatus>
    </Item>
    <Item>
      <PriceUpdateDate>2019-01-22 09:21</PriceUpdateDate>
      <ItemCode>7296073224693</ItemCode>
      <ItemType>1</ItemType>
      <ItemName>ביציםM שופרסל 12</ItemName>
      <ManufacturerName />
      <ManufactureCountry>IL</ManufactureCountry>
      <ManufacturerItemDescription>ביציםM שופרסל 12</ManufacturerItemDescription>
      <UnitQty>יחידה</UnitQty>
      <Quantity>1.00</Quantity>
      <bIsWeighted>0</bIsWeighted>
      <UnitOfMeasure>יחידה</UnitOfMeasure>
      <QtyInPackage>0</QtyInPackage>
      <ItemPrice>10.40</ItemPrice>
      <UnitOfMeasurePrice>10.40</UnitOfMeasurePrice>
      <AllowDiscount>1</AllowDiscount>
      <ItemStatus>1</ItemStatus>
    </Item>
    <Item>
      <PriceUpdateDate>2019-01-22 09:21</PriceUpdateDate>
      <ItemCode>7296073224709</ItemCode>
      <ItemType>1</ItemType>
      <ItemName>ביציםL שופרסל 12</ItemName>
      <ManufacturerName />
      <ManufactureCountry>IL</ManufactureCountry>
      <ManufacturerItemDescription>ביציםL שופרסל 12</ManufacturerItemDescription>
      <UnitQty>יחידה</UnitQty>
      <Quantity>1.00</Quantity>
      <bIsWeighted>0</bIsWeighted>
      <UnitOfMeasure>יחידה</UnitOfMeasure>
      <QtyInPackage>0</QtyInPackage>
      <ItemPrice>11.30</ItemPrice>
      <UnitOfMeasurePrice>11.30</UnitOfMeasurePrice>
      <AllowDiscount>1</AllowDiscount>
      <ItemStatus>1</ItemStatus>
    </Item>
    <Item>
      <PriceUpdateDate>2018-01-02 16:15</PriceUpdateDate>
      <ItemCode>7296073224815</ItemCode>
      <ItemType>1</ItemType>
      <ItemName>מרכך מרוכז כחול</ItemName>
      <ManufacturerName />
      <ManufactureCountry>IL</ManufactureCountry>
      <ManufacturerItemDescription>מרכך מרוכז כחול</ManufacturerItemDescription>
      <UnitQty>ליטרים</UnitQty>
      <Quantity>1.00</Quantity>
      <bIsWeighted>0</bIsWeighted>
      <UnitOfMeasure>ליטר</UnitOfMeasure>
      <QtyInPackage>0</QtyInPackage>
      <ItemPrice>11.90</ItemPrice>
      <UnitOfMeasurePrice>11.90</UnitOfMeasurePrice>
      <AllowDiscount>1</AllowDiscount>
      <ItemStatus>1</ItemStatus>
    </Item>
    <Item>
      <PriceUpdateDate>2018-01-02 16:15</PriceUpdateDate>
      <ItemCode>7296073224822</ItemCode>
      <ItemType>1</ItemType>
      <ItemName>מרכך מרוכז ורוד</ItemName>
      <ManufacturerName />
      <ManufactureCountry>IL</ManufactureCountry>
      <ManufacturerItemDescription>מרכך מרוכז ורוד</ManufacturerItemDescription>
      <UnitQty>ליטרים</UnitQty>
      <Quantity>1.00</Quantity>
      <bIsWeighted>0</bIsWeighted>
      <UnitOfMeasure>ליטר</UnitOfMeasure>
      <QtyInPackage>0</QtyInPackage>
      <ItemPrice>11.90</ItemPrice>
      <UnitOfMeasurePrice>11.90</UnitOfMeasurePrice>
      <AllowDiscount>1</AllowDiscount>
      <ItemStatus>1</ItemStatus>
    </Item>
    <Item>
      <PriceUpdateDate>2017-08-22 07:06</PriceUpdateDate>
      <ItemCode>7296073225072</ItemCode>
      <ItemType>1</ItemType>
      <ItemName>לחמניות שופרסל 75*6 גרם</ItemName>
      <ManufacturerName>מאפיית שלמה א. אנג'\ל בע</ManufacturerName>
      <ManufactureCountry>IL</ManufactureCountry>
      <ManufacturerItemDescription>לחמניות 6 יחידות</ManufacturerItemDescription>
      <UnitQty>גרמים</UnitQty>
      <Quantity>450.00</Quantity>
      <bIsWeighted>0</bIsWeighted>
      <UnitOfMeasure>100 גרם</UnitOfMeasure>
      <QtyInPackage>0</QtyInPackage>
      <ItemPrice>9.90</ItemPrice>
      <UnitOfMeasurePrice>2.20</UnitOfMeasurePrice>
      <AllowDiscount>1</AllowDiscount>
      <ItemStatus>1</ItemStatus>
    </Item>
    <Item>
      <PriceUpdateDate>2015-09-30 08:02</PriceUpdateDate>
      <ItemCode>7296073225249</ItemCode>
      <ItemType>1</ItemType>
      <ItemName>גרעין חמניה לא תוספת מלח</ItemName>
      <ManufacturerName>ששון</ManufacturerName>
      <ManufactureCountry>IL</ManufactureCountry>
      <ManufacturerItemDescription>גרעין חמניה</ManufacturerItemDescription>
      <UnitQty>גרמים</UnitQty>
      <Quantity>200.00</Quantity>
      <bIsWeighted>0</bIsWeighted>
      <UnitOfMeasure>100 גרם</UnitOfMeasure>
      <QtyInPackage>0</QtyInPackage>
      <ItemPrice>7.80</ItemPrice>
      <UnitOfMeasurePrice>3.90</UnitOfMeasurePrice>
      <AllowDiscount>1</AllowDiscount>
      <ItemStatus>1</ItemStatus>
    </Item>
    <Item>
      <PriceUpdateDate>2016-02-02 06:49</PriceUpdateDate>
      <ItemCode>7296073225454</ItemCode>
      <ItemType>1</ItemType>
      <ItemName>פטל שחור קפוא שופרסל 300</ItemName>
      <ManufacturerName>d.o.o Lukowa</ManufacturerName>
      <ManufactureCountry>RS</ManufactureCountry>
      <ManufacturerItemDescription>פטל שחור קפוא</ManufacturerItemDescription>
      <UnitQty>גרמים</UnitQty>
      <Quantity>300.00</Quantity>
      <bIsWeighted>0</bIsWeighted>
      <UnitOfMeasure>100 גרם</UnitOfMeasure>
      <QtyInPackage>0</QtyInPackage>
      <ItemPrice>16.90</ItemPrice>
      <UnitOfMeasurePrice>5.63</UnitOfMeasurePrice>
      <AllowDiscount>1</AllowDiscount>
      <ItemStatus>1</ItemStatus>
    </Item>
    <Item>
      <PriceUpdateDate>2017-02-06 13:17</PriceUpdateDate>
      <ItemCode>7296073225461</ItemCode>
      <ItemType>1</ItemType>
      <ItemName>פיצה מרגריטה 360גרם</ItemName>
      <ManufacturerName>SOCICO CON S.R.L AR</ManufacturerName>
      <ManufactureCountry>IT</ManufactureCountry>
      <ManufacturerItemDescription>פיצה מרגריטה</ManufacturerItemDescription>
      <UnitQty>גרמים</UnitQty>
      <Quantity>360.00</Quantity>
      <bIsWeighted>0</bIsWeighted>
      <UnitOfMeasure>100 גרם</UnitOfMeasure>
      <QtyInPackage>0</QtyInPackage>
      <ItemPrice>16.90</ItemPrice>
      <UnitOfMeasurePrice>4.69</UnitOfMeasurePrice>
      <AllowDiscount>1</AllowDiscount>
      <ItemStatus>1</ItemStatus>
    </Item>
    <Item>
      <PriceUpdateDate>2019-11-11 07:48</PriceUpdateDate>
      <ItemCode>7296073225478</ItemCode>
      <ItemType>1</ItemType>
      <ItemName>פיצה מרגריטה עם זיתים360</ItemName>
      <ManufacturerName>SOCICO CON S.R.L AR</ManufacturerName>
      <ManufactureCountry>IT</ManufactureCountry>
      <ManufacturerItemDescription>פיצה עם זיתים</ManufacturerItemDescription>
      <UnitQty>גרמים</UnitQty>
      <Quantity>360.00</Quantity>
      <bIsWeighted>0</bIsWeighted>
      <UnitOfMeasure>100 גרם</UnitOfMeasure>
      <QtyInPackage>0</QtyInPackage>
      <ItemPrice>16.90</ItemPrice>
      <UnitOfMeasurePrice>4.69</UnitOfMeasurePrice>
      <AllowDiscount>1</AllowDiscount>
      <ItemStatus>1</ItemStatus>
    </Item>
    <Item>
      <PriceUpdateDate>2014-09-28 08:30</PriceUpdateDate>
      <ItemCode>7296073225492</ItemCode>
      <ItemType>1</ItemType>
      <ItemName>רוטב עגבני.מרוכז22% 260ג</ItemName>
      <ManufacturerName>פריניר</ManufacturerName>
      <ManufactureCountry>IL</ManufactureCountry>
      <ManufacturerItemDescription>רוטב עגבניות</ManufacturerItemDescription>
      <UnitQty>גרמים</UnitQty>
      <Quantity>260.00</Quantity>
      <bIsWeighted>0</bIsWeighted>
      <UnitOfMeasure>100 גרם</UnitOfMeasure>
      <QtyInPackage>0</QtyInPackage>
      <ItemPrice>3.60</ItemPrice>
      <UnitOfMeasurePrice>1.38</UnitOfMeasurePrice>
      <AllowDiscount>1</AllowDiscount>
      <ItemStatus>1</ItemStatus>
    </Item>
    <Item>
      <PriceUpdateDate>2017-01-02 08:01</PriceUpdateDate>
      <ItemCode>7296073225560</ItemCode>
      <ItemType>1</ItemType>
      <ItemName>ופלים שוקולד ללת"ס200גרם</ItemName>
      <ManufacturerName>מנעמים</ManufacturerName>
      <ManufactureCountry>IL</ManufactureCountry>
      <ManufacturerItemDescription>ופל שוקולד ללתס</ManufacturerItemDescription>
      <UnitQty>גרמים</UnitQty>
      <Quantity>200.00</Quantity>
      <bIsWeighted>0</bIsWeighted>
      <UnitOfMeasure>100 גרם</UnitOfMeasure>
      <QtyInPackage>0</QtyInPackage>
      <ItemPrice>7.90</ItemPrice>
      <UnitOfMeasurePrice>3.95</UnitOfMeasurePrice>
      <AllowDiscount>1</AllowDiscount>
      <ItemStatus>1</ItemStatus>
    </Item>
    <Item>
      <PriceUpdateDate>2019-03-03 09:01</PriceUpdateDate>
      <ItemCode>7296073225744</ItemCode>
      <ItemType>1</ItemType>
      <ItemName>חצילים על האש שופרסל400ג</ItemName>
      <ManufacturerName>סלטי שמיר</ManufacturerName>
      <ManufactureCountry>IL</ManufactureCountry>
      <ManufacturerItemDescription>סלט חצילים</ManufacturerItemDescription>
      <UnitQty>גרמים</UnitQty>
      <Quantity>400.00</Quantity>
      <bIsWeighted>0</bIsWeighted>
      <UnitOfMeasure>100 גרם</UnitOfMeasure>
      <QtyInPackage>0</QtyInPackage>
      <ItemPrice>9.90</ItemPrice>
      <UnitOfMeasurePrice>2.48</UnitOfMeasurePrice>
      <AllowDiscount>1</AllowDiscount>
      <ItemStatus>1</ItemStatus>
    </Item>
    <Item>
      <PriceUpdateDate>2019-03-03 09:01</PriceUpdateDate>
      <ItemCode>7296073225768</ItemCode>
      <ItemType>1</ItemType>
      <ItemName>סלט מטבוחה שופרסל 400גרם</ItemName>
      <ManufacturerName>סלטי שמיר</ManufacturerName>
      <ManufactureCountry>IL</ManufactureCountry>
      <ManufacturerItemDescription>סלט מטבוחה</ManufacturerItemDescription>
      <UnitQty>גרמים</UnitQty>
      <Quantity>400.00</Quantity>
      <bIsWeighted>0</bIsWeighted>
      <UnitOfMeasure>100 גרם</UnitOfMeasure>
      <QtyInPackage>0</QtyInPackage>
      <ItemPrice>9.90</ItemPrice>
      <UnitOfMeasurePrice>2.48</UnitOfMeasurePrice>
      <AllowDiscount>1</AllowDiscount>
      <ItemStatus>1</ItemStatus>
    </Item>
    <Item>
      <PriceUpdateDate>2019-03-03 09:01</PriceUpdateDate>
      <ItemCode>7296073225775</ItemCode>
      <ItemType>1</ItemType>
      <ItemName>רצועות סלק שופרסל 400גרם</ItemName>
      <ManufacturerName>סלטי שמיר</ManufacturerName>
      <ManufactureCountry>IL</ManufactureCountry>
      <ManufacturerItemDescription>סלט סלק שופרסל</ManufacturerItemDescription>
      <UnitQty>גרמים</UnitQty>
      <Quantity>400.00</Quantity>
      <bIsWeighted>0</bIsWeighted>
      <UnitOfMeasure>100 גרם</UnitOfMeasure>
      <QtyInPackage>0</QtyInPackage>
      <ItemPrice>9.90</ItemPrice>
      <UnitOfMeasurePrice>2.48</UnitOfMeasurePrice>
      <AllowDiscount>1</AllowDiscount>
      <ItemStatus>1</ItemStatus>
    </Item>
    <Item>
      <PriceUpdateDate>2017-09-26 08:43</PriceUpdateDate>
      <ItemCode>7296073226321</ItemCode>
      <ItemType>1</ItemType>
      <ItemName>חיתולים שופרסל</ItemName>
      <ManufacturerName />
      <ManufactureCountry>IL</ManufactureCountry>
      <ManufacturerItemDescription>חיתולים שופרסל</ManufacturerItemDescription>
      <UnitQty>יחידה</UnitQty>
      <Quantity>1.00</Quantity>
      <bIsWeighted>0</bIsWeighted>
      <UnitOfMeasure>יחידה</UnitOfMeasure>
      <QtyInPackage>0</QtyInPackage>
      <ItemPrice>29.90</ItemPrice>
      <UnitOfMeasurePrice>29.90</UnitOfMeasurePrice>
      <AllowDiscount>1</AllowDiscount>
      <ItemStatus>1</ItemStatus>
    </Item>
    <Item>
      <PriceUpdateDate>2015-09-30 08:09</PriceUpdateDate>
      <ItemCode>7296073226529</ItemCode>
      <ItemType>1</ItemType>
      <ItemName>וופל קוביות שוקולד 250גר</ItemName>
      <ManufacturerName>בלקוני</ManufacturerName>
      <ManufactureCountry>IT</ManufactureCountry>
      <ManufacturerItemDescription>וופל קוביות</ManufacturerItemDescription>
      <UnitQty>גרמים</UnitQty>
      <Quantity>250.00</Quantity>
      <bIsWeighted>0</bIsWeighted>
      <UnitOfMeasure>100 גרם</UnitOfMeasure>
      <QtyInPackage>0</QtyInPackage>
      <ItemPrice>11.80</ItemPrice>
      <UnitOfMeasurePrice>4.72</UnitOfMeasurePrice>
      <AllowDiscount>1</AllowDiscount>
      <ItemStatus>1</ItemStatus>
    </Item>
    <Item>
      <PriceUpdateDate>2015-09-30 08:09</PriceUpdateDate>
      <ItemCode>7296073226536</ItemCode>
      <ItemType>1</ItemType>
      <ItemName>וופל קוביות קרם אגוז250ג</ItemName>
      <ManufacturerName>בלקוני</ManufacturerName>
      <ManufactureCountry>IT</ManufactureCountry>
      <ManufacturerItemDescription>וופל קוביות</ManufacturerItemDescription>
      <UnitQty>גרמים</UnitQty>
      <Quantity>250.00</Quantity>
      <bIsWeighted>0</bIsWeighted>
      <UnitOfMeasure>100 גרם</UnitOfMeasure>
      <QtyInPackage>0</QtyInPackage>
      <ItemPrice>11.80</ItemPrice>
      <UnitOfMeasurePrice>4.72</UnitOfMeasurePrice>
      <AllowDiscount>1</AllowDiscount>
      <ItemStatus>1</ItemStatus>
    </Item>
    <Item>
      <PriceUpdateDate>2015-09-30 08:07</PriceUpdateDate>
      <ItemCode>7296073226543</ItemCode>
      <ItemType>1</ItemType>
      <ItemName>אורגנו תבלין</ItemName>
      <ManufacturerName />
      <ManufactureCountry>IL</ManufactureCountry>
      <ManufacturerItemDescription>אורגנו תבלין</ManufacturerItemDescription>
      <UnitQty>גרמים</UnitQty>
      <Quantity>40.00</Quantity>
      <bIsWeighted>0</bIsWeighted>
      <UnitOfMeasure>100 גרם</UnitOfMeasure>
      <QtyInPackage>0</QtyInPackage>
      <ItemPrice>9.80</ItemPrice>
      <UnitOfMeasurePrice>24.50</UnitOfMeasurePrice>
      <AllowDiscount>1</AllowDiscount>
      <ItemStatus>1</ItemStatus>
    </Item>
    <Item>
      <PriceUpdateDate>2017-12-05 11:57</PriceUpdateDate>
      <ItemCode>7296073226680</ItemCode>
      <ItemType>1</ItemType>
      <ItemName>חט.דגנים שוק.חלב+ביסקויט</ItemName>
      <ManufacturerName>back and Snack</ManufacturerName>
      <ManufactureCountry>AT</ManufactureCountry>
      <ManufacturerItemDescription>חטיף דגנים</ManufacturerItemDescription>
      <UnitQty>גרמים</UnitQty>
      <Quantity>138.00</Quantity>
      <bIsWeighted>0</bIsWeighted>
      <UnitOfMeasure>100 גרם</UnitOfMeasure>
      <QtyInPackage>0</QtyInPackage>
      <ItemPrice>10.90</ItemPrice>
      <UnitOfMeasurePrice>7.90</UnitOfMeasurePrice>
      <AllowDiscount>1</AllowDiscount>
      <ItemStatus>1</ItemStatus>
    </Item>
    <Item>
      <PriceUpdateDate>2019-03-03 09:01</PriceUpdateDate>
      <ItemCode>7296073226970</ItemCode>
      <ItemType>1</ItemType>
      <ItemName>סלט חומוס+טחינה שופר400ג</ItemName>
      <ManufacturerName>סלטי שמיר</ManufacturerName>
      <ManufactureCountry>IL</ManufactureCountry>
      <ManufacturerItemDescription>חומוס עם טחינה</ManufacturerItemDescription>
      <UnitQty>גרמים</UnitQty>
      <Quantity>400.00</Quantity>
      <bIsWeighted>0</bIsWeighted>
      <UnitOfMeasure>100 גרם</UnitOfMeasure>
      <QtyInPackage>0</QtyInPackage>
      <ItemPrice>9.90</ItemPrice>
      <UnitOfMeasurePrice>2.48</UnitOfMeasurePrice>
      <AllowDiscount>1</AllowDiscount>
      <ItemStatus>1</ItemStatus>
    </Item>
    <Item>
      <PriceUpdateDate>2019-03-03 09:01</PriceUpdateDate>
      <ItemCode>7296073226987</ItemCode>
      <ItemType>1</ItemType>
      <ItemName>סלט חומוס+מסבחה שופר400ג</ItemName>
      <ManufacturerName>סלטי שמיר</ManufacturerName>
      <ManufactureCountry>IL</ManufactureCountry>
      <ManufacturerItemDescription>חומוס עם מסבחה</ManufacturerItemDescription>
      <UnitQty>גרמים</UnitQty>
      <Quantity>400.00</Quantity>
      <bIsWeighted>0</bIsWeighted>
      <UnitOfMeasure>100 גרם</UnitOfMeasure>
      <QtyInPackage>0</QtyInPackage>
      <ItemPrice>9.90</ItemPrice>
      <UnitOfMeasurePrice>2.48</UnitOfMeasurePrice>
      <AllowDiscount>1</AllowDiscount>
      <ItemStatus>1</ItemStatus>
    </Item>
    <Item>
      <PriceUpdateDate>2017-11-07 09:20</PriceUpdateDate>
      <ItemCode>7296073230021</ItemCode>
      <ItemType>1</ItemType>
      <ItemName>מנקה רצפות כחול 2 ליטר</ItemName>
      <ManufacturerName>קליר כימיקלים</ManufacturerName>
      <ManufactureCountry>IL</ManufactureCountry>
      <ManufacturerItemDescription>מנקה רצפות כחול</ManufacturerItemDescription>
      <UnitQty>ליטרים</UnitQty>
      <Quantity>2.00</Quantity>
      <bIsWeighted>0</bIsWeighted>
      <UnitOfMeasure>ליטר</UnitOfMeasure>
      <QtyInPackage>0</QtyInPackage>
      <ItemPrice>15.90</ItemPrice>
      <UnitOfMeasurePrice>7.95</UnitOfMeasurePrice>
      <AllowDiscount>1</AllowDiscount>
      <ItemStatus>1</ItemStatus>
    </Item>
    <Item>
      <PriceUpdateDate>2019-03-03 09:01</PriceUpdateDate>
      <ItemCode>7296073230106</ItemCode>
      <ItemType>1</ItemType>
      <ItemName>סלט תפו"א שופרסל 400 גרם</ItemName>
      <ManufacturerName>שופרסל</ManufacturerName>
      <ManufactureCountry>IL</ManufactureCountry>
      <ManufacturerItemDescription>סלט תפו"א</ManufacturerItemDescription>
      <UnitQty>גרמים</UnitQty>
      <Quantity>400.00</Quantity>
      <bIsWeighted>0</bIsWeighted>
      <UnitOfMeasure>100 גרם</UnitOfMeasure>
      <QtyInPackage>0</QtyInPackage>
      <ItemPrice>9.90</ItemPrice>
      <UnitOfMeasurePrice>2.48</UnitOfMeasurePrice>
      <AllowDiscount>1</AllowDiscount>
      <ItemStatus>1</ItemStatus>
    </Item>
    <Item>
      <PriceUpdateDate>2018-07-01 08:43</PriceUpdateDate>
      <ItemCode>7296073230656</ItemCode>
      <ItemType>1</ItemType>
      <ItemName>מגבות נייר שופרסל 6 גל.</ItemName>
      <ManufacturerName>שניב תעשיות נייר</ManufacturerName>
      <ManufactureCountry>IL</ManufactureCountry>
      <ManufacturerItemDescription>מגבות נייר</ManufacturerItemDescription>
      <UnitQty>מטרים</UnitQty>
      <Quantity>63.00</Quantity>
      <bIsWeighted>0</bIsWeighted>
      <UnitOfMeasure>מטר</UnitOfMeasure>
      <QtyInPackage>0</QtyInPackage>
      <ItemPrice>9.90</ItemPrice>
      <UnitOfMeasurePrice>0.16</UnitOfMeasurePrice>
      <AllowDiscount>1</AllowDiscount>
      <ItemStatus>1</ItemStatus>
    </Item>
    <Item>
      <PriceUpdateDate>2017-07-04 09:43</PriceUpdateDate>
      <ItemCode>7296073230885</ItemCode>
      <ItemType>1</ItemType>
      <ItemName>גלילי ופל במלוי אגוז100ג</ItemName>
      <ManufacturerName>מנעמים תעשיות מזון בע"\מ</ManufacturerName>
      <ManufactureCountry>IL</ManufactureCountry>
      <ManufacturerItemDescription>גלילי וופל</ManufacturerItemDescription>
      <UnitQty>גרמים</UnitQty>
      <Quantity>100.00</Quantity>
      <bIsWeighted>0</bIsWeighted>
      <UnitOfMeasure>100 גרם</UnitOfMeasure>
      <QtyInPackage>1</QtyInPackage>
      <ItemPrice>5.90</ItemPrice>
      <UnitOfMeasurePrice>5.90</UnitOfMeasurePrice>
      <AllowDiscount>1</AllowDiscount>
      <ItemStatus>1</ItemStatus>
    </Item>
    <Item>
      <PriceUpdateDate>2019-06-19 08:00</PriceUpdateDate>
      <ItemCode>7296073231547</ItemCode>
      <ItemType>1</ItemType>
      <ItemName>חלב 1% בקרטון שופרסל 1ל</ItemName>
      <ManufacturerName>מחלבות רמת הגולן</ManufacturerName>
      <ManufactureCountry>IL</ManufactureCountry>
      <ManufacturerItemDescription>חלב 1% קרטון 1ל'</ManufacturerItemDescription>
      <UnitQty>ליטרים</UnitQty>
      <Quantity>1.00</Quantity>
      <bIsWeighted>0</bIsWeighted>
      <UnitOfMeasure>ליטר</UnitOfMeasure>
      <QtyInPackage>1</QtyInPackage>
      <ItemPrice>5.40</ItemPrice>
      <UnitOfMeasurePrice>5.40</UnitOfMeasurePrice>
      <AllowDiscount>1</AllowDiscount>
      <ItemStatus>1</ItemStatus>
    </Item>
    <Item>
      <PriceUpdateDate>2019-06-19 08:00</PriceUpdateDate>
      <ItemCode>7296073231561</ItemCode>
      <ItemType>1</ItemType>
      <ItemName>שמנת להקצפה 38% 250מ"ל</ItemName>
      <ManufacturerName>מחלבות רמת הגולן</ManufacturerName>
      <ManufactureCountry>IL</ManufactureCountry>
      <ManufacturerItemDescription>שמנת להקצפה 38%</ManufacturerItemDescription>
      <UnitQty>מיליליטרים</UnitQty>
      <Quantity>250.00</Quantity>
      <bIsWeighted>0</bIsWeighted>
      <UnitOfMeasure>100 מ"ל</UnitOfMeasure>
      <QtyInPackage>1</QtyInPackage>
      <ItemPrice>6.00</ItemPrice>
      <UnitOfMeasurePrice>2.40</UnitOfMeasurePrice>
      <AllowDiscount>1</AllowDiscount>
      <ItemStatus>1</ItemStatus>
    </Item>
    <Item>
      <PriceUpdateDate>2019-02-21 12:23</PriceUpdateDate>
      <ItemCode>7296073232124</ItemCode>
      <ItemType>1</ItemType>
      <ItemName>גב.פרמז'ן קשה27%שופר200ג</ItemName>
      <ManufacturerName>כללי</ManufacturerName>
      <ManufactureCountry>IT</ManufactureCountry>
      <ManufacturerItemDescription>משולש פרמז'ן</ManufacturerItemDescription>
      <UnitQty>גרמים</UnitQty>
      <Quantity>200.00</Quantity>
      <bIsWeighted>0</bIsWeighted>
      <UnitOfMeasure>100 גרם</UnitOfMeasure>
      <QtyInPackage>1</QtyInPackage>
      <ItemPrice>24.90</ItemPrice>
      <UnitOfMeasurePrice>12.45</UnitOfMeasurePrice>
      <AllowDiscount>1</AllowDiscount>
      <ItemStatus>1</ItemStatus>
    </Item>
    <Item>
      <PriceUpdateDate>2015-10-23 07:18</PriceUpdateDate>
      <ItemCode>7296073232377</ItemCode>
      <ItemType>1</ItemType>
      <ItemName>חלב1% נטול לקטוז גרין1ל</ItemName>
      <ManufacturerName>מחלבת רמת-הגולן</ManufacturerName>
      <ManufactureCountry>IL</ManufactureCountry>
      <ManufacturerItemDescription>חלב נטול לקטוז</ManufacturerItemDescription>
      <UnitQty>ליטרים</UnitQty>
      <Quantity>1.00</Quantity>
      <bIsWeighted>0</bIsWeighted>
      <UnitOfMeasure>ליטר</UnitOfMeasure>
      <QtyInPackage>1</QtyInPackage>
      <ItemPrice>8.90</ItemPrice>
      <UnitOfMeasurePrice>8.90</UnitOfMeasurePrice>
      <AllowDiscount>1</AllowDiscount>
      <ItemStatus>1</ItemStatus>
    </Item>
    <Item>
      <PriceUpdateDate>2017-02-07 07:16</PriceUpdateDate>
      <ItemCode>7296073232391</ItemCode>
      <ItemType>1</ItemType>
      <ItemName>סוכר לבן שופרסל 1 ק"ג</ItemName>
      <ManufacturerName>אגרנה צוקר בע"מ</ManufacturerName>
      <ManufactureCountry>PL</ManufactureCountry>
      <ManufacturerItemDescription>סוכר לבן</ManufacturerItemDescription>
      <UnitQty>קילוגרמים</UnitQty>
      <Quantity>1.00</Quantity>
      <bIsWeighted>0</bIsWeighted>
      <UnitOfMeasure>ק"ג</UnitOfMeasure>
      <QtyInPackage>1</QtyInPackage>
      <ItemPrice>4.80</ItemPrice>
      <UnitOfMeasurePrice>4.80</UnitOfMeasurePrice>
      <AllowDiscount>1</AllowDiscount>
      <ItemStatus>1</ItemStatus>
    </Item>
    <Item>
      <PriceUpdateDate>2017-08-01 07:06</PriceUpdateDate>
      <ItemCode>7296073232445</ItemCode>
      <ItemType>1</ItemType>
      <ItemName>משקה חלב מועשר 3% 1 ליטר</ItemName>
      <ManufacturerName>מחלבות רמת הגולן</ManufacturerName>
      <ManufactureCountry>IL</ManufactureCountry>
      <ManufacturerItemDescription>משקה חלב מועשר3%</ManufacturerItemDescription>
      <UnitQty>ליטרים</UnitQty>
      <Quantity>1.00</Quantity>
      <bIsWeighted>0</bIsWeighted>
      <UnitOfMeasure>ליטר</UnitOfMeasure>
      <QtyInPackage>1</QtyInPackage>
      <ItemPrice>6.90</ItemPrice>
      <UnitOfMeasurePrice>6.90</UnitOfMeasurePrice>
      <AllowDiscount>1</AllowDiscount>
      <ItemStatus>1</ItemStatus>
    </Item>
    <Item>
      <PriceUpdateDate>2015-10-25 11:42</PriceUpdateDate>
      <ItemCode>7296073235613</ItemCode>
      <ItemType>1</ItemType>
      <ItemName>מלית תמרים 450 גרם</ItemName>
      <ManufacturerName>חצר כנרת מוצרי תמר</ManufacturerName>
      <ManufactureCountry>IL</ManufactureCountry>
      <ManufacturerItemDescription>מלית תמרים</ManufacturerItemDescription>
      <UnitQty>גרמים</UnitQty>
      <Quantity>450.00</Quantity>
      <bIsWeighted>0</bIsWeighted>
      <UnitOfMeasure>100 גרם</UnitOfMeasure>
      <QtyInPackage>1</QtyInPackage>
      <ItemPrice>5.90</ItemPrice>
      <UnitOfMeasurePrice>1.31</UnitOfMeasurePrice>
      <AllowDiscount>1</AllowDiscount>
      <ItemStatus>1</ItemStatus>
    </Item>
    <Item>
      <PriceUpdateDate>2016-04-15 07:00</PriceUpdateDate>
      <ItemCode>7296073236153</ItemCode>
      <ItemType>1</ItemType>
      <ItemName>עגב.חתוכות אורגנ.גרין400</ItemName>
      <ManufacturerName>לה דוריה</ManufacturerName>
      <ManufactureCountry>IT</ManufactureCountry>
      <ManufacturerItemDescription>עגבניות חתוכות</ManufacturerItemDescription>
      <UnitQty>גרמים</UnitQty>
      <Quantity>400.00</Quantity>
      <bIsWeighted>0</bIsWeighted>
      <UnitOfMeasure>100 גרם</UnitOfMeasure>
      <QtyInPackage>1</QtyInPackage>
      <ItemPrice>5.90</ItemPrice>
      <UnitOfMeasurePrice>1.48</UnitOfMeasurePrice>
      <AllowDiscount>1</AllowDiscount>
      <ItemStatus>1</ItemStatus>
    </Item>
    <Item>
      <PriceUpdateDate>2015-11-13 07:14</PriceUpdateDate>
      <ItemCode>7296073236603</ItemCode>
      <ItemType>1</ItemType>
      <ItemName>שמנת לבישול 15% 250 מ"ל</ItemName>
      <ManufacturerName>מחלבת רמת-הגולן</ManufacturerName>
      <ManufactureCountry>IL</ManufactureCountry>
      <ManufacturerItemDescription>שמנת לבישול 15%</ManufacturerItemDescription>
      <UnitQty>מיליליטרים</UnitQty>
      <Quantity>250.00</Quantity>
      <bIsWeighted>0</bIsWeighted>
      <UnitOfMeasure>100 מ"ל</UnitOfMeasure>
      <QtyInPackage>1</QtyInPackage>
      <ItemPrice>6.70</ItemPrice>
      <UnitOfMeasurePrice>2.68</UnitOfMeasurePrice>
      <AllowDiscount>1</AllowDiscount>
      <ItemStatus>1</ItemStatus>
    </Item>
    <Item>
      <PriceUpdateDate>2015-10-12 07:41</PriceUpdateDate>
      <ItemCode>7296073236658</ItemCode>
      <ItemType>1</ItemType>
      <ItemName>לקט לקוסקוס שופרסל 800גר</ItemName>
      <ManufacturerName>שופרסל</ManufacturerName>
      <ManufactureCountry>BE</ManufactureCountry>
      <ManufacturerItemDescription>לקט לקוסקוס</ManufacturerItemDescription>
      <UnitQty>גרמים</UnitQty>
      <Quantity>800.00</Quantity>
      <bIsWeighted>0</bIsWeighted>
      <UnitOfMeasure>100 גרם</UnitOfMeasure>
      <QtyInPackage>12</QtyInPackage>
      <ItemPrice>17.90</ItemPrice>
      <UnitOfMeasurePrice>2.24</UnitOfMeasurePrice>
      <AllowDiscount>1</AllowDiscount>
      <ItemStatus>1</ItemStatus>
    </Item>
    <Item>
      <PriceUpdateDate>2019-03-03 09:01</PriceUpdateDate>
      <ItemCode>7296073236887</ItemCode>
      <ItemType>1</ItemType>
      <ItemName>סלט גזר מרוקאי 400 גרם</ItemName>
      <ManufacturerName>סלטי שמיר</ManufacturerName>
      <ManufactureCountry>IL</ManufactureCountry>
      <ManufacturerItemDescription>סלט גזר מרוקאי</ManufacturerItemDescription>
      <UnitQty>גרמים</UnitQty>
      <Quantity>400.00</Quantity>
      <bIsWeighted>0</bIsWeighted>
      <UnitOfMeasure>100 גרם</UnitOfMeasure>
      <QtyInPackage>1</QtyInPackage>
      <ItemPrice>9.90</ItemPrice>
      <UnitOfMeasurePrice>2.48</UnitOfMeasurePrice>
      <AllowDiscount>1</AllowDiscount>
      <ItemStatus>1</ItemStatus>
    </Item>
    <Item>
      <PriceUpdateDate>2019-03-03 09:01</PriceUpdateDate>
      <ItemCode>7296073236894</ItemCode>
      <ItemType>1</ItemType>
      <ItemName>סלט קולסלאו 400 גרם</ItemName>
      <ManufacturerName>סלטי שמיר</ManufacturerName>
      <ManufactureCountry>IL</ManufactureCountry>
      <ManufacturerItemDescription>סלט קולסלאו</ManufacturerItemDescription>
      <UnitQty>גרמים</UnitQty>
      <Quantity>400.00</Quantity>
      <bIsWeighted>0</bIsWeighted>
      <UnitOfMeasure>100 גרם</UnitOfMeasure>
      <QtyInPackage>1</QtyInPackage>
      <ItemPrice>9.90</ItemPrice>
      <UnitOfMeasurePrice>2.48</UnitOfMeasurePrice>
      <AllowDiscount>1</AllowDiscount>
      <ItemStatus>1</ItemStatus>
    </Item>
    <Item>
      <PriceUpdateDate>2016-07-26 07:14</PriceUpdateDate>
      <ItemCode>7296073237525</ItemCode>
      <ItemType>1</ItemType>
      <ItemName>קוקטייל פירות בסירופ קל</ItemName>
      <ManufacturerName>CANNED QIWWEI LINYI</ManufacturerName>
      <ManufactureCountry>CN</ManufactureCountry>
      <ManufacturerItemDescription>קוקטייל פירות</ManufacturerItemDescription>
      <UnitQty>גרמים</UnitQty>
      <Quantity>820.00</Quantity>
      <bIsWeighted>0</bIsWeighted>
      <UnitOfMeasure>100 גרם</UnitOfMeasure>
      <QtyInPackage>1</QtyInPackage>
      <ItemPrice>8.90</ItemPrice>
      <UnitOfMeasurePrice>1.09</UnitOfMeasurePrice>
      <AllowDiscount>1</AllowDiscount>
      <ItemStatus>1</ItemStatus>
    </Item>
    <Item>
      <PriceUpdateDate>2016-08-30 06:42</PriceUpdateDate>
      <ItemCode>7296073237662</ItemCode>
      <ItemType>1</ItemType>
      <ItemName>שוק72%. מריר תפוז 100גרם</ItemName>
      <ManufacturerName>פריי )שוקולד(</ManufacturerName>
      <ManufactureCountry>CH</ManufactureCountry>
      <ManufacturerItemDescription>שוקולד מריר תפוז</ManufacturerItemDescription>
      <UnitQty>גרמים</UnitQty>
      <Quantity>100.00</Quantity>
      <bIsWeighted>0</bIsWeighted>
      <UnitOfMeasure>100 גרם</UnitOfMeasure>
      <QtyInPackage>1</QtyInPackage>
      <ItemPrice>10.90</ItemPrice>
      <UnitOfMeasurePrice>10.90</UnitOfMeasurePrice>
      <AllowDiscount>1</AllowDiscount>
      <ItemStatus>1</ItemStatus>
    </Item>
    <Item>
      <PriceUpdateDate>2016-08-30 06:42</PriceUpdateDate>
      <ItemCode>7296073237686</ItemCode>
      <ItemType>1</ItemType>
      <ItemName>שוקולד חלב+אגוזי לוז100ג</ItemName>
      <ManufacturerName>פריי )שוקולד(</ManufacturerName>
      <ManufactureCountry>CH</ManufactureCountry>
      <ManufacturerItemDescription>שוקולד אגוזי לוז</ManufacturerItemDescription>
      <UnitQty>גרמים</UnitQty>
      <Quantity>100.00</Quantity>
      <bIsWeighted>0</bIsWeighted>
      <UnitOfMeasure>100 גרם</UnitOfMeasure>
      <QtyInPackage>1</QtyInPackage>
      <ItemPrice>10.90</ItemPrice>
      <UnitOfMeasurePrice>10.90</UnitOfMeasurePrice>
      <AllowDiscount>1</AllowDiscount>
      <ItemStatus>1</ItemStatus>
    </Item>
    <Item>
      <PriceUpdateDate>2016-05-31 07:00</PriceUpdateDate>
      <ItemCode>7296073237853</ItemCode>
      <ItemType>1</ItemType>
      <ItemName>קפסולות קפה 9/10סגול 50ג</ItemName>
      <ManufacturerName>רוני רג'ואן ושות</ManufacturerName>
      <ManufactureCountry>IL</ManufactureCountry>
      <ManufacturerItemDescription>קפסולות קפה</ManufacturerItemDescription>
      <UnitQty>גרמים</UnitQty>
      <Quantity>50.00</Quantity>
      <bIsWeighted>0</bIsWeighted>
      <UnitOfMeasure>100 גרם</UnitOfMeasure>
      <QtyInPackage>1</QtyInPackage>
      <ItemPrice>15.90</ItemPrice>
      <UnitOfMeasurePrice>31.80</UnitOfMeasurePrice>
      <AllowDiscount>1</AllowDiscount>
      <ItemStatus>1</ItemStatus>
    </Item>
    <Item>
      <PriceUpdateDate>2018-04-10 07:45</PriceUpdateDate>
      <ItemCode>7296073238478</ItemCode>
      <ItemType>1</ItemType>
      <ItemName>רביעיית סוללות AAAשופרסל</ItemName>
      <ManufacturerName>פוג'יקום</ManufacturerName>
      <ManufactureCountry>CN</ManufactureCountry>
      <ManufacturerItemDescription>רביעיית סוללות</ManufacturerItemDescription>
      <UnitQty>יחידה</UnitQty>
      <Quantity>1.00</Quantity>
      <bIsWeighted>0</bIsWeighted>
      <UnitOfMeasure>יחידה</UnitOfMeasure>
      <QtyInPackage>1</QtyInPackage>
      <ItemPrice>9.90</ItemPrice>
      <UnitOfMeasurePrice>9.90</UnitOfMeasurePrice>
      <AllowDiscount>1</AllowDiscount>
      <ItemStatus>1</ItemStatus>
    </Item>
    <Item>
      <PriceUpdateDate>2018-04-10 07:45</PriceUpdateDate>
      <ItemCode>7296073238492</ItemCode>
      <ItemType>1</ItemType>
      <ItemName>שמינית סוללות AAA שופרסל</ItemName>
      <ManufacturerName>פוג'יקום</ManufacturerName>
      <ManufactureCountry>CN</ManufactureCountry>
      <ManufacturerItemDescription>שמיניית סוללות</ManufacturerItemDescription>
      <UnitQty>יחידה</UnitQty>
      <Quantity>1.00</Quantity>
      <bIsWeighted>0</bIsWeighted>
      <UnitOfMeasure>יחידה</UnitOfMeasure>
      <QtyInPackage>1</QtyInPackage>
      <ItemPrice>16.90</ItemPrice>
      <UnitOfMeasurePrice>16.90</UnitOfMeasurePrice>
      <AllowDiscount>1</AllowDiscount>
      <ItemStatus>1</ItemStatus>
    </Item>
    <Item>
      <PriceUpdateDate>2016-02-19 06:55</PriceUpdateDate>
      <ItemCode>7296073238577</ItemCode>
      <ItemType>1</ItemType>
      <ItemName>פינצטה אלחלד ישרה יח</ItemName>
      <ManufacturerName>TECHONGGIES TAIKONE</ManufacturerName>
      <ManufactureCountry>CN</ManufactureCountry>
      <ManufacturerItemDescription>פינצטה אלחלד</ManufacturerItemDescription>
      <UnitQty>יחידה</UnitQty>
      <Quantity>1.00</Quantity>
      <bIsWeighted>0</bIsWeighted>
      <UnitOfMeasure>יחידה</UnitOfMeasure>
      <QtyInPackage>1</QtyInPackage>
      <ItemPrice>19.90</ItemPrice>
      <UnitOfMeasurePrice>19.90</UnitOfMeasurePrice>
      <AllowDiscount>1</AllowDiscount>
      <ItemStatus>1</ItemStatus>
    </Item>
    <Item>
      <PriceUpdateDate>2016-02-19 06:55</PriceUpdateDate>
      <ItemCode>7296073238850</ItemCode>
      <ItemType>1</ItemType>
      <ItemName>פצירת אקריל שחור/זברה יח</ItemName>
      <ManufacturerName>TECHONGGIES TAIKONE</ManufacturerName>
      <ManufactureCountry>CN</ManufactureCountry>
      <ManufacturerItemDescription>פצירת אקריל</ManufacturerItemDescription>
      <UnitQty>יחידה</UnitQty>
      <Quantity>1.00</Quantity>
      <bIsWeighted>0</bIsWeighted>
      <UnitOfMeasure>יחידה</UnitOfMeasure>
      <QtyInPackage>1</QtyInPackage>
      <ItemPrice>9.90</ItemPrice>
      <UnitOfMeasurePrice>9.90</UnitOfMeasurePrice>
      <AllowDiscount>1</AllowDiscount>
      <ItemStatus>1</ItemStatus>
    </Item>
    <Item>
      <PriceUpdateDate>2020-05-21 08:59</PriceUpdateDate>
      <ItemCode>7296073239239</ItemCode>
      <ItemType>1</ItemType>
      <ItemName>כוס שתיה חמה 240מ"ל 50יח</ItemName>
      <ManufacturerName>---</ManufacturerName>
      <ManufactureCountry>CN</ManufactureCountry>
      <ManufacturerItemDescription>כוסות שתיה חמה</ManufacturerItemDescription>
      <UnitQty>יחידה</UnitQty>
      <Quantity>1.00</Quantity>
      <bIsWeighted>0</bIsWeighted>
      <UnitOfMeasure>יחידה</UnitOfMeasure>
      <QtyInPackage>1</QtyInPackage>
      <ItemPrice>10.90</ItemPrice>
      <UnitOfMeasurePrice>10.90</UnitOfMeasurePrice>
      <AllowDiscount>1</AllowDiscount>
      <ItemStatus>1</ItemStatus>
    </Item>
    <Item>
      <PriceUpdateDate>2015-12-13 08:07</PriceUpdateDate>
      <ItemCode>7296073239628</ItemCode>
      <ItemType>1</ItemType>
      <ItemName>תירס גמדי 400 גרם</ItemName>
      <ManufacturerName>CORN KARN</ManufacturerName>
      <ManufactureCountry>TH</ManufactureCountry>
      <ManufacturerItemDescription>תירס גמדי</ManufacturerItemDescription>
      <UnitQty>גרמים</UnitQty>
      <Quantity>400.00</Quantity>
      <bIsWeighted>0</bIsWeighted>
      <UnitOfMeasure>100 גרם</UnitOfMeasure>
      <QtyInPackage>1</QtyInPackage>
      <ItemPrice>5.90</ItemPrice>
      <UnitOfMeasurePrice>1.48</UnitOfMeasurePrice>
      <AllowDiscount>1</AllowDiscount>
      <ItemStatus>1</ItemStatus>
    </Item>
    <Item>
      <PriceUpdateDate>2016-02-07 07:38</PriceUpdateDate>
      <ItemCode>7296073241386</ItemCode>
      <ItemType>1</ItemType>
      <ItemName>פטרולטום טהור שופרסל100מ</ItemName>
      <ManufacturerName>ש.שוורץ</ManufacturerName>
      <ManufactureCountry>IL</ManufactureCountry>
      <ManufacturerItemDescription>פטרולטום טהור</ManufacturerItemDescription>
      <UnitQty>מיליליטרים</UnitQty>
      <Quantity>100.00</Quantity>
      <bIsWeighted>0</bIsWeighted>
      <UnitOfMeasure>100 מ"ל</UnitOfMeasure>
      <QtyInPackage>1</QtyInPackage>
      <ItemPrice>9.90</ItemPrice>
      <UnitOfMeasurePrice>9.90</UnitOfMeasurePrice>
      <AllowDiscount>1</AllowDiscount>
      <ItemStatus>1</ItemStatus>
    </Item>
    <Item>
      <PriceUpdateDate>2018-07-01 08:43</PriceUpdateDate>
      <ItemCode>7296073241522</ItemCode>
      <ItemType>1</ItemType>
      <ItemName>ממחטות אף 100*5 יח</ItemName>
      <ManufacturerName>שניב תעשיות נייר</ManufacturerName>
      <ManufactureCountry>IL</ManufactureCountry>
      <ManufacturerItemDescription>ממחטות אף 5 יח</ManufacturerItemDescription>
      <UnitQty>יחידה</UnitQty>
      <Quantity>1.00</Quantity>
      <bIsWeighted>0</bIsWeighted>
      <UnitOfMeasure>יחידה</UnitOfMeasure>
      <QtyInPackage>1</QtyInPackage>
      <ItemPrice>12.90</ItemPrice>
      <UnitOfMeasurePrice>12.90</UnitOfMeasurePrice>
      <AllowDiscount>1</AllowDiscount>
      <ItemStatus>1</ItemStatus>
    </Item>
    <Item>
      <PriceUpdateDate>2017-08-22 07:07</PriceUpdateDate>
      <ItemCode>7296073241935</ItemCode>
      <ItemType>1</ItemType>
      <ItemName>נייר טואלט סופר דיל 48גל</ItemName>
      <ManufacturerName>שניב</ManufacturerName>
      <ManufactureCountry>IL</ManufactureCountry>
      <ManufacturerItemDescription>נ.טואלט סופר דיל</ManufacturerItemDescription>
      <UnitQty>מטרים</UnitQty>
      <Quantity>860.00</Quantity>
      <bIsWeighted>0</bIsWeighted>
      <UnitOfMeasure>100 מטר</UnitOfMeasure>
      <QtyInPackage>1</QtyInPackage>
      <ItemPrice>41.90</ItemPrice>
      <UnitOfMeasurePrice>4.87</UnitOfMeasurePrice>
      <AllowDiscount>1</AllowDiscount>
      <ItemStatus>1</ItemStatus>
    </Item>
    <Item>
      <PriceUpdateDate>2016-11-29 07:21</PriceUpdateDate>
      <ItemCode>7296073242291</ItemCode>
      <ItemType>1</ItemType>
      <ItemName>קרם רגליים שופרסל 100מ"ל</ItemName>
      <ManufacturerName>ש.שוורץ</ManufacturerName>
      <ManufactureCountry>IL</ManufactureCountry>
      <ManufacturerItemDescription>קרם רגליים</ManufacturerItemDescription>
      <UnitQty>מיליליטרים</UnitQty>
      <Quantity>100.00</Quantity>
      <bIsWeighted>0</bIsWeighted>
      <UnitOfMeasure>100 מ"ל</UnitOfMeasure>
      <QtyInPackage>1</QtyInPackage>
      <ItemPrice>9.90</ItemPrice>
      <UnitOfMeasurePrice>9.90</UnitOfMeasurePrice>
      <AllowDiscount>1</AllowDiscount>
      <ItemStatus>1</ItemStatus>
    </Item>
    <Item>
      <PriceUpdateDate>2016-05-18 15:02</PriceUpdateDate>
      <ItemCode>7296073242581</ItemCode>
      <ItemType>1</ItemType>
      <ItemName>מארז סיכות תיקתק</ItemName>
      <ManufacturerName>שופרסל</ManufacturerName>
      <ManufactureCountry>IL</ManufactureCountry>
      <ManufacturerItemDescription>סיכן ראש</ManufacturerItemDescription>
      <UnitQty>יחידה</UnitQty>
      <Quantity>1.00</Quantity>
      <bIsWeighted>0</bIsWeighted>
      <UnitOfMeasure>יחידה</UnitOfMeasure>
      <QtyInPackage>1</QtyInPackage>
      <ItemPrice>9.90</ItemPrice>
      <UnitOfMeasurePrice>9.90</UnitOfMeasurePrice>
      <AllowDiscount>1</AllowDiscount>
      <ItemStatus>1</ItemStatus>
    </Item>
    <Item>
      <PriceUpdateDate>2016-05-18 15:02</PriceUpdateDate>
      <ItemCode>7296073242598</ItemCode>
      <ItemType>1</ItemType>
      <ItemName>8 גומיות שופרסל</ItemName>
      <ManufacturerName>שופרסל</ManufacturerName>
      <ManufactureCountry>IL</ManufactureCountry>
      <ManufacturerItemDescription>סט גומיות</ManufacturerItemDescription>
      <UnitQty>יחידה</UnitQty>
      <Quantity>1.00</Quantity>
      <bIsWeighted>0</bIsWeighted>
      <UnitOfMeasure>יחידה</UnitOfMeasure>
      <QtyInPackage>1</QtyInPackage>
      <ItemPrice>8.90</ItemPrice>
      <UnitOfMeasurePrice>8.90</UnitOfMeasurePrice>
      <AllowDiscount>1</AllowDiscount>
      <ItemStatus>1</ItemStatus>
    </Item>
    <Item>
      <PriceUpdateDate>2020-02-04 09:47</PriceUpdateDate>
      <ItemCode>7296073243076</ItemCode>
      <ItemType>1</ItemType>
      <ItemName>12כ.שתיה חמה 240מ"ל+מכסה</ItemName>
      <ManufacturerName>כללי</ManufacturerName>
      <ManufactureCountry>IL</ManufactureCountry>
      <ManufacturerItemDescription>כוסות שתיה חמה</ManufacturerItemDescription>
      <UnitQty>יחידה</UnitQty>
      <Quantity>1.00</Quantity>
      <bIsWeighted>0</bIsWeighted>
      <UnitOfMeasure>יחידה</UnitOfMeasure>
      <QtyInPackage>1</QtyInPackage>
      <ItemPrice>4.90</ItemPrice>
      <UnitOfMeasurePrice>4.90</UnitOfMeasurePrice>
      <AllowDiscount>1</AllowDiscount>
      <ItemStatus>1</ItemStatus>
    </Item>
    <Item>
      <PriceUpdateDate>2018-01-02 16:14</PriceUpdateDate>
      <ItemCode>7296073243731</ItemCode>
      <ItemType>1</ItemType>
      <ItemName>ריבת חלב שופרסל 400 גרם</ItemName>
      <ManufacturerName>מיה</ManufacturerName>
      <ManufactureCountry>IL</ManufactureCountry>
      <ManufacturerItemDescription>ריבת חלב שופרסל</ManufacturerItemDescription>
      <UnitQty>גרמים</UnitQty>
      <Quantity>400.00</Quantity>
      <bIsWeighted>0</bIsWeighted>
      <UnitOfMeasure>100 גרם</UnitOfMeasure>
      <QtyInPackage>1</QtyInPackage>
      <ItemPrice>13.80</ItemPrice>
      <UnitOfMeasurePrice>3.45</UnitOfMeasurePrice>
      <AllowDiscount>1</AllowDiscount>
      <ItemStatus>1</ItemStatus>
    </Item>
    <Item>
      <PriceUpdateDate>2017-02-07 07:16</PriceUpdateDate>
      <ItemCode>7296073244769</ItemCode>
      <ItemType>1</ItemType>
      <ItemName>סוכר חום דמררה צנצ. 1ק"ג</ItemName>
      <ManufacturerName>סוגת תעשיות בע"מ</ManufacturerName>
      <ManufactureCountry>IL</ManufactureCountry>
      <ManufacturerItemDescription>סוכר חום דמררה</ManufacturerItemDescription>
      <UnitQty>קילוגרמים</UnitQty>
      <Quantity>1.00</Quantity>
      <bIsWeighted>0</bIsWeighted>
      <UnitOfMeasure>ק"ג</UnitOfMeasure>
      <QtyInPackage>1</QtyInPackage>
      <ItemPrice>11.50</ItemPrice>
      <UnitOfMeasurePrice>11.50</UnitOfMeasurePrice>
      <AllowDiscount>1</AllowDiscount>
      <ItemStatus>1</ItemStatus>
    </Item>
    <Item>
      <PriceUpdateDate>2017-05-09 07:49</PriceUpdateDate>
      <ItemCode>7296073244868</ItemCode>
      <ItemType>1</ItemType>
      <ItemName>5 סכיני גילוח ח"פ לגברים</ItemName>
      <ManufacturerName>---</ManufacturerName>
      <ManufactureCountry>CN</ManufactureCountry>
      <ManufacturerItemDescription>סכיני גילוח גבר</ManufacturerItemDescription>
      <UnitQty>יחידה</UnitQty>
      <Quantity>1.00</Quantity>
      <bIsWeighted>0</bIsWeighted>
      <UnitOfMeasure>יחידה</UnitOfMeasure>
      <QtyInPackage>1</QtyInPackage>
      <ItemPrice>9.90</ItemPrice>
      <UnitOfMeasurePrice>9.90</UnitOfMeasurePrice>
      <AllowDiscount>1</AllowDiscount>
      <ItemStatus>1</ItemStatus>
    </Item>
    <Item>
      <PriceUpdateDate>2019-03-03 09:01</PriceUpdateDate>
      <ItemCode>7296073244875</ItemCode>
      <ItemType>1</ItemType>
      <ItemName>טחינה גולמית 500 גרם</ItemName>
      <ManufacturerName>---</ManufacturerName>
      <ManufactureCountry>IL</ManufactureCountry>
      <ManufacturerItemDescription>טחינה גולמית</ManufacturerItemDescription>
      <UnitQty>גרמים</UnitQty>
      <Quantity>500.00</Quantity>
      <bIsWeighted>0</bIsWeighted>
      <UnitOfMeasure>100 גרם</UnitOfMeasure>
      <QtyInPackage>1</QtyInPackage>
      <ItemPrice>13.90</ItemPrice>
      <UnitOfMeasurePrice>2.78</UnitOfMeasurePrice>
      <AllowDiscount>1</AllowDiscount>
      <ItemStatus>1</ItemStatus>
    </Item>
    <Item>
      <PriceUpdateDate>2016-06-07 07:57</PriceUpdateDate>
      <ItemCode>7296073246053</ItemCode>
      <ItemType>1</ItemType>
      <ItemName>כרובית קפואה 800 גרם</ItemName>
      <ManufacturerName>פרי גליל</ManufacturerName>
      <ManufactureCountry>IL</ManufactureCountry>
      <ManufacturerItemDescription>כרובית קפואה</ManufacturerItemDescription>
      <UnitQty>גרמים</UnitQty>
      <Quantity>800.00</Quantity>
      <bIsWeighted>0</bIsWeighted>
      <UnitOfMeasure>100 גרם</UnitOfMeasure>
      <QtyInPackage>1</QtyInPackage>
      <ItemPrice>21.90</ItemPrice>
      <UnitOfMeasurePrice>2.74</UnitOfMeasurePrice>
      <AllowDiscount>1</AllowDiscount>
      <ItemStatus>1</ItemStatus>
    </Item>
    <Item>
      <PriceUpdateDate>2016-03-07 07:59</PriceUpdateDate>
      <ItemCode>7296073246367</ItemCode>
      <ItemType>1</ItemType>
      <ItemName>תות שדה קפוא</ItemName>
      <ManufacturerName>כללי</ManufacturerName>
      <ManufactureCountry>RS</ManufactureCountry>
      <ManufacturerItemDescription>תות שדה קפוא</ManufacturerItemDescription>
      <UnitQty>גרמים</UnitQty>
      <Quantity>300.00</Quantity>
      <bIsWeighted>0</bIsWeighted>
      <UnitOfMeasure>100 גרם</UnitOfMeasure>
      <QtyInPackage>12</QtyInPackage>
      <ItemPrice>16.90</ItemPrice>
      <UnitOfMeasurePrice>5.63</UnitOfMeasurePrice>
      <AllowDiscount>1</AllowDiscount>
      <ItemStatus>1</ItemStatus>
    </Item>
    <Item>
      <PriceUpdateDate>2019-05-01 16:37</PriceUpdateDate>
      <ItemCode>7296073246633</ItemCode>
      <ItemType>1</ItemType>
      <ItemName>פרוסות אננס בסירופ קל227</ItemName>
      <ManufacturerName>CANNING FRUIT KUIBURI</ManufacturerName>
      <ManufactureCountry>TH</ManufactureCountry>
      <ManufacturerItemDescription>פרוסות אננס</ManufacturerItemDescription>
      <UnitQty>גרמים</UnitQty>
      <Quantity>227.00</Quantity>
      <bIsWeighted>0</bIsWeighted>
      <UnitOfMeasure>100 גרם</UnitOfMeasure>
      <QtyInPackage>1</QtyInPackage>
      <ItemPrice>4.90</ItemPrice>
      <UnitOfMeasurePrice>2.16</UnitOfMeasurePrice>
      <AllowDiscount>1</AllowDiscount>
      <ItemStatus>1</ItemStatus>
    </Item>
    <Item>
      <PriceUpdateDate>2017-05-09 07:49</PriceUpdateDate>
      <ItemCode>7296073246909</ItemCode>
      <ItemType>1</ItemType>
      <ItemName>שמן קוקוס אורגני גרין330</ItemName>
      <ManufacturerName>נמק אגרו אינדוסט</ManufacturerName>
      <ManufactureCountry>LK</ManufactureCountry>
      <ManufacturerItemDescription>שמן קוקוס</ManufacturerItemDescription>
      <UnitQty>מיליליטרים</UnitQty>
      <Quantity>330.00</Quantity>
      <bIsWeighted>0</bIsWeighted>
      <UnitOfMeasure>100 מ"ל</UnitOfMeasure>
      <QtyInPackage>1</QtyInPackage>
      <ItemPrice>29.90</ItemPrice>
      <UnitOfMeasurePrice>9.06</UnitOfMeasurePrice>
      <AllowDiscount>1</AllowDiscount>
      <ItemStatus>1</ItemStatus>
    </Item>
    <Item>
      <PriceUpdateDate>2020-10-10 18:30</PriceUpdateDate>
      <ItemCode>7296073254096</ItemCode>
      <ItemType>1</ItemType>
      <ItemName>טונה במי מלח 160*4 גרם</ItemName>
      <ManufacturerName>אסיאן אליאנס</ManufacturerName>
      <ManufactureCountry>TH</ManufactureCountry>
      <ManufacturerItemDescription>טונה במי מלח 4יח</ManufacturerItemDescription>
      <UnitQty>גרמים</UnitQty>
      <Quantity>640.00</Quantity>
      <bIsWeighted>0</bIsWeighted>
      <UnitOfMeasure>100 גרם</UnitOfMeasure>
      <QtyInPackage>1</QtyInPackage>
      <ItemPrice>19.90</ItemPrice>
      <UnitOfMeasurePrice>3.11</UnitOfMeasurePrice>
      <AllowDiscount>1</AllowDiscount>
      <ItemStatus>1</ItemStatus>
    </Item>
    <Item>
      <PriceUpdateDate>2020-10-10 18:30</PriceUpdateDate>
      <ItemCode>7296073254102</ItemCode>
      <ItemType>1</ItemType>
      <ItemName>טונה בשמן סויה 160*4 גרם</ItemName>
      <ManufacturerName>אסיאן אליאנס</ManufacturerName>
      <ManufactureCountry>TH</ManufactureCountry>
      <ManufacturerItemDescription>טונה בשמן 4 יח</ManufacturerItemDescription>
      <UnitQty>גרמים</UnitQty>
      <Quantity>640.00</Quantity>
      <bIsWeighted>0</bIsWeighted>
      <UnitOfMeasure>100 גרם</UnitOfMeasure>
      <QtyInPackage>1</QtyInPackage>
      <ItemPrice>19.90</ItemPrice>
      <UnitOfMeasurePrice>3.11</UnitOfMeasurePrice>
      <AllowDiscount>1</AllowDiscount>
      <ItemStatus>1</ItemStatus>
    </Item>
    <Item>
      <PriceUpdateDate>2016-07-22 07:06</PriceUpdateDate>
      <ItemCode>7296073254256</ItemCode>
      <ItemType>1</ItemType>
      <ItemName>ערמונים אורגניים גרין100</ItemName>
      <ManufacturerName>CO FOODS LIYUAN HEBEI</ManufacturerName>
      <ManufactureCountry>CN</ManufactureCountry>
      <ManufacturerItemDescription>ערמונים אורגניים</ManufacturerItemDescription>
      <UnitQty>גרמים</UnitQty>
      <Quantity>100.00</Quantity>
      <bIsWeighted>0</bIsWeighted>
      <UnitOfMeasure>100 גרם</UnitOfMeasure>
      <QtyInPackage>1</QtyInPackage>
      <ItemPrice>8.90</ItemPrice>
      <UnitOfMeasurePrice>8.90</UnitOfMeasurePrice>
      <AllowDiscount>1</AllowDiscount>
      <ItemStatus>1</ItemStatus>
    </Item>
    <Item>
      <PriceUpdateDate>2016-07-20 07:11</PriceUpdateDate>
      <ItemCode>7296073254263</ItemCode>
      <ItemType>1</ItemType>
      <ItemName>מיני פיצה מרגריטה  6יח</ItemName>
      <ManufacturerName>שופרסל</ManufacturerName>
      <ManufactureCountry>IT</ManufactureCountry>
      <ManufacturerItemDescription>פיצות אישיות</ManufacturerItemDescription>
      <UnitQty>גרמים</UnitQty>
      <Quantity>480.00</Quantity>
      <bIsWeighted>0</bIsWeighted>
      <UnitOfMeasure>100 גרם</UnitOfMeasure>
      <QtyInPackage>1</QtyInPackage>
      <ItemPrice>19.90</ItemPrice>
      <UnitOfMeasurePrice>4.15</UnitOfMeasurePrice>
      <AllowDiscount>1</AllowDiscount>
      <ItemStatus>1</ItemStatus>
    </Item>
    <Item>
      <PriceUpdateDate>2017-12-05 11:57</PriceUpdateDate>
      <ItemCode>7296073255758</ItemCode>
      <ItemType>1</ItemType>
      <ItemName>חטיף דגנ.שוקולד+עוג23*6ג</ItemName>
      <ManufacturerName>סנאק אנד בק</ManufacturerName>
      <ManufactureCountry>AT</ManufactureCountry>
      <ManufacturerItemDescription>חטיף דגנים</ManufacturerItemDescription>
      <UnitQty>גרמים</UnitQty>
      <Quantity>138.00</Quantity>
      <bIsWeighted>0</bIsWeighted>
      <UnitOfMeasure>100 גרם</UnitOfMeasure>
      <QtyInPackage>1</QtyInPackage>
      <ItemPrice>10.90</ItemPrice>
      <UnitOfMeasurePrice>7.90</UnitOfMeasurePrice>
      <AllowDiscount>1</AllowDiscount>
      <ItemStatus>1</ItemStatus>
    </Item>
    <Item>
      <PriceUpdateDate>2016-10-28 07:30</PriceUpdateDate>
      <ItemCode>7296073261179</ItemCode>
      <ItemType>1</ItemType>
      <ItemName>200 קסמי אוזניים פלסטיק</ItemName>
      <ManufacturerName>PRODUC UES DAILY JIEYANG</ManufacturerName>
      <ManufactureCountry>CN</ManufactureCountry>
      <ManufacturerItemDescription>קסמי אוזניים</ManufacturerItemDescription>
      <UnitQty>יחידה</UnitQty>
      <Quantity>1.00</Quantity>
      <bIsWeighted>0</bIsWeighted>
      <UnitOfMeasure>יחידה</UnitOfMeasure>
      <QtyInPackage>1</QtyInPackage>
      <ItemPrice>7.50</ItemPrice>
      <UnitOfMeasurePrice>7.50</UnitOfMeasurePrice>
      <AllowDiscount>1</AllowDiscount>
      <ItemStatus>1</ItemStatus>
    </Item>
    <Item>
      <PriceUpdateDate>2016-10-28 07:30</PriceUpdateDate>
      <ItemCode>7296073261223</ItemCode>
      <ItemType>1</ItemType>
      <ItemName>פדים להסרת איפור 80 יח</ItemName>
      <ManufacturerName>PRODUC UES DAILY JIEYANG</ManufacturerName>
      <ManufactureCountry>CN</ManufactureCountry>
      <ManufacturerItemDescription>פדים להסרת איפור</ManufacturerItemDescription>
      <UnitQty>יחידה</UnitQty>
      <Quantity>1.00</Quantity>
      <bIsWeighted>0</bIsWeighted>
      <UnitOfMeasure>יחידה</UnitOfMeasure>
      <QtyInPackage>1</QtyInPackage>
      <ItemPrice>8.50</ItemPrice>
      <UnitOfMeasurePrice>8.50</UnitOfMeasurePrice>
      <AllowDiscount>1</AllowDiscount>
      <ItemStatus>1</ItemStatus>
    </Item>
    <Item>
      <PriceUpdateDate>2020-10-10 18:30</PriceUpdateDate>
      <ItemCode>7296073261384</ItemCode>
      <ItemType>1</ItemType>
      <ItemName>אל סבון  מעורב 500*3 מ"ל</ItemName>
      <ManufacturerName>שופרסל</ManufacturerName>
      <ManufactureCountry>IL</ManufactureCountry>
      <ManufacturerItemDescription>אל סבון נוזלי3יח</ManufacturerItemDescription>
      <UnitQty>ליטרים</UnitQty>
      <Quantity>1.50</Quantity>
      <bIsWeighted>0</bIsWeighted>
      <UnitOfMeasure>ליטר</UnitOfMeasure>
      <QtyInPackage>1</QtyInPackage>
      <ItemPrice>11.90</ItemPrice>
      <UnitOfMeasurePrice>7.93</UnitOfMeasurePrice>
      <AllowDiscount>1</AllowDiscount>
      <ItemStatus>1</ItemStatus>
    </Item>
    <Item>
      <PriceUpdateDate>2017-11-07 09:20</PriceUpdateDate>
      <ItemCode>7296073262909</ItemCode>
      <ItemType>1</ItemType>
      <ItemName>תרסיס שמן קנול.ללא גז150</ItemName>
      <ManufacturerName>S.L AEROLS FOOD</ManufacturerName>
      <ManufactureCountry>ES</ManufactureCountry>
      <ManufacturerItemDescription>תרסיס שמן קנולה</ManufacturerItemDescription>
      <UnitQty>מיליליטרים</UnitQty>
      <Quantity>150.00</Quantity>
      <bIsWeighted>0</bIsWeighted>
      <UnitOfMeasure>100 מ"ל</UnitOfMeasure>
      <QtyInPackage>1</QtyInPackage>
      <ItemPrice>15.90</ItemPrice>
      <UnitOfMeasurePrice>10.60</UnitOfMeasurePrice>
      <AllowDiscount>1</AllowDiscount>
      <ItemStatus>1</ItemStatus>
    </Item>
    <Item>
      <PriceUpdateDate>2017-02-07 07:16</PriceUpdateDate>
      <ItemCode>7296073262992</ItemCode>
      <ItemType>1</ItemType>
      <ItemName>סירופ מייפל פרימיום250מל</ItemName>
      <ManufacturerName>כללי</ManufacturerName>
      <ManufactureCountry>CA</ManufactureCountry>
      <ManufacturerItemDescription>סירופ מייפל 100%</ManufacturerItemDescription>
      <UnitQty>מיליליטרים</UnitQty>
      <Quantity>250.00</Quantity>
      <bIsWeighted>0</bIsWeighted>
      <UnitOfMeasure>100 מ"ל</UnitOfMeasure>
      <QtyInPackage>1</QtyInPackage>
      <ItemPrice>32.90</ItemPrice>
      <UnitOfMeasurePrice>13.16</UnitOfMeasurePrice>
      <AllowDiscount>1</AllowDiscount>
      <ItemStatus>1</ItemStatus>
    </Item>
    <Item>
      <PriceUpdateDate>2020-01-07 08:25</PriceUpdateDate>
      <ItemCode>7296073263470</ItemCode>
      <ItemType>1</ItemType>
      <ItemName>אושפלו 550 גרם</ItemName>
      <ManufacturerName>סי.אי.פי מבוא חורון</ManufacturerName>
      <ManufactureCountry>IL</ManufactureCountry>
      <ManufacturerItemDescription>אושפלו 550 גרם</ManufacturerItemDescription>
      <UnitQty>גרמים</UnitQty>
      <Quantity>550.00</Quantity>
      <bIsWeighted>0</bIsWeighted>
      <UnitOfMeasure>100 גרם</UnitOfMeasure>
      <QtyInPackage>1</QtyInPackage>
      <ItemPrice>19.90</ItemPrice>
      <UnitOfMeasurePrice>3.62</UnitOfMeasurePrice>
      <AllowDiscount>1</AllowDiscount>
      <ItemStatus>1</ItemStatus>
    </Item>
    <Item>
      <PriceUpdateDate>2020-01-07 08:25</PriceUpdateDate>
      <ItemCode>7296073263487</ItemCode>
      <ItemType>1</ItemType>
      <ItemName>נודלס מוקפץ 550 גרם</ItemName>
      <ManufacturerName>סי.אי.פי מבוא חורון</ManufacturerName>
      <ManufactureCountry>IL</ManufactureCountry>
      <ManufacturerItemDescription>נודלס מוקפץ</ManufacturerItemDescription>
      <UnitQty>גרמים</UnitQty>
      <Quantity>550.00</Quantity>
      <bIsWeighted>0</bIsWeighted>
      <UnitOfMeasure>100 גרם</UnitOfMeasure>
      <QtyInPackage>1</QtyInPackage>
      <ItemPrice>19.90</ItemPrice>
      <UnitOfMeasurePrice>3.62</UnitOfMeasurePrice>
      <AllowDiscount>1</AllowDiscount>
      <ItemStatus>1</ItemStatus>
    </Item>
    <Item>
      <PriceUpdateDate>2020-01-07 08:25</PriceUpdateDate>
      <ItemCode>7296073263500</ItemCode>
      <ItemType>1</ItemType>
      <ItemName>קוסקוס עם ירקות 650גרם</ItemName>
      <ManufacturerName>סי.אי.פי מבוא חורון</ManufacturerName>
      <ManufactureCountry>IL</ManufactureCountry>
      <ManufacturerItemDescription>קוסקוס עם ירקות</ManufacturerItemDescription>
      <UnitQty>גרמים</UnitQty>
      <Quantity>650.00</Quantity>
      <bIsWeighted>0</bIsWeighted>
      <UnitOfMeasure>100 גרם</UnitOfMeasure>
      <QtyInPackage>1</QtyInPackage>
      <ItemPrice>19.90</ItemPrice>
      <UnitOfMeasurePrice>3.06</UnitOfMeasurePrice>
      <AllowDiscount>1</AllowDiscount>
      <ItemStatus>1</ItemStatus>
    </Item>
    <Item>
      <PriceUpdateDate>2019-01-03 12:29</PriceUpdateDate>
      <ItemCode>7296073263517</ItemCode>
      <ItemType>1</ItemType>
      <ItemName>שקיות אוכל שופרסל 150*2</ItemName>
      <ManufacturerName>WEIFANG</ManufacturerName>
      <ManufactureCountry>CN</ManufactureCountry>
      <ManufacturerItemDescription>שקיות אוכל זוג</ManufacturerItemDescription>
      <UnitQty>יחידה</UnitQty>
      <Quantity>1.00</Quantity>
      <bIsWeighted>0</bIsWeighted>
      <UnitOfMeasure>יחידה</UnitOfMeasure>
      <QtyInPackage>1</QtyInPackage>
      <ItemPrice>10.90</ItemPrice>
      <UnitOfMeasurePrice>10.90</UnitOfMeasurePrice>
      <AllowDiscount>1</AllowDiscount>
      <ItemStatus>1</ItemStatus>
    </Item>
    <Item>
      <PriceUpdateDate>2020-07-16 13:44</PriceUpdateDate>
      <ItemCode>7296073265344</ItemCode>
      <ItemType>1</ItemType>
      <ItemName>חלב נטול לקטוז3%גרין 1ל</ItemName>
      <ManufacturerName>מחלבת רמת-הגולן</ManufacturerName>
      <ManufactureCountry>IL</ManufactureCountry>
      <ManufacturerItemDescription>חלב נטול לקטוז</ManufacturerItemDescription>
      <UnitQty>ליטרים</UnitQty>
      <Quantity>1.00</Quantity>
      <bIsWeighted>0</bIsWeighted>
      <UnitOfMeasure>ליטר</UnitOfMeasure>
      <QtyInPackage>1</QtyInPackage>
      <ItemPrice>8.90</ItemPrice>
      <UnitOfMeasurePrice>8.90</UnitOfMeasurePrice>
      <AllowDiscount>1</AllowDiscount>
      <ItemStatus>1</ItemStatus>
    </Item>
    <Item>
      <PriceUpdateDate>2016-12-03 17:59</PriceUpdateDate>
      <ItemCode>7296073265351</ItemCode>
      <ItemType>1</ItemType>
      <ItemName>ספגטי ללא גלוטן גרין400ג</ItemName>
      <ManufacturerName>SPA MENNUCCI PASTIFICI</ManufacturerName>
      <ManufactureCountry>IT</ManufactureCountry>
      <ManufacturerItemDescription>ספגטי ללא גלוטן</ManufacturerItemDescription>
      <UnitQty>גרמים</UnitQty>
      <Quantity>400.00</Quantity>
      <bIsWeighted>0</bIsWeighted>
      <UnitOfMeasure>100 גרם</UnitOfMeasure>
      <QtyInPackage>1</QtyInPackage>
      <ItemPrice>10.90</ItemPrice>
      <UnitOfMeasurePrice>2.73</UnitOfMeasurePrice>
      <AllowDiscount>1</AllowDiscount>
      <ItemStatus>1</ItemStatus>
    </Item>
    <Item>
      <PriceUpdateDate>2016-08-26 08:12</PriceUpdateDate>
      <ItemCode>7296073266129</ItemCode>
      <ItemType>1</ItemType>
      <ItemName>מפות שולחן מניילון  6 יח</ItemName>
      <ManufacturerName>כללי</ManufacturerName>
      <ManufactureCountry>IL</ManufactureCountry>
      <ManufacturerItemDescription>מפות שולחן 6 יח</ManufacturerItemDescription>
      <UnitQty>יחידה</UnitQty>
      <Quantity>1.00</Quantity>
      <bIsWeighted>0</bIsWeighted>
      <UnitOfMeasure>יחידה</UnitOfMeasure>
      <QtyInPackage>1</QtyInPackage>
      <ItemPrice>9.90</ItemPrice>
      <UnitOfMeasurePrice>9.90</UnitOfMeasurePrice>
      <AllowDiscount>1</AllowDiscount>
      <ItemStatus>1</ItemStatus>
    </Item>
    <Item>
      <PriceUpdateDate>2017-08-22 07:06</PriceUpdateDate>
      <ItemCode>7296073266266</ItemCode>
      <ItemType>1</ItemType>
      <ItemName>קוקטייל בסירופ קל 113*4ג</ItemName>
      <ManufacturerName>FOODS HUIXANG JIANGSU</ManufacturerName>
      <ManufactureCountry>CN</ManufactureCountry>
      <ManufacturerItemDescription>קוקטייל פירות</ManufacturerItemDescription>
      <UnitQty>גרמים</UnitQty>
      <Quantity>452.00</Quantity>
      <bIsWeighted>0</bIsWeighted>
      <UnitOfMeasure>100 גרם</UnitOfMeasure>
      <QtyInPackage>1</QtyInPackage>
      <ItemPrice>10.90</ItemPrice>
      <UnitOfMeasurePrice>2.41</UnitOfMeasurePrice>
      <AllowDiscount>1</AllowDiscount>
      <ItemStatus>1</ItemStatus>
    </Item>
    <Item>
      <PriceUpdateDate>2017-08-22 07:06</PriceUpdateDate>
      <ItemCode>7296073266303</ItemCode>
      <ItemType>1</ItemType>
      <ItemName>רסק תפוחי עץ ללת"ס113*4ג</ItemName>
      <ManufacturerName>FOODS HUIXANG JIANGSU</ManufacturerName>
      <ManufactureCountry>CN</ManufactureCountry>
      <ManufacturerItemDescription>רסק תפוחי עץ</ManufacturerItemDescription>
      <UnitQty>גרמים</UnitQty>
      <Quantity>452.00</Quantity>
      <bIsWeighted>0</bIsWeighted>
      <UnitOfMeasure>100 גרם</UnitOfMeasure>
      <QtyInPackage>1</QtyInPackage>
      <ItemPrice>10.90</ItemPrice>
      <UnitOfMeasurePrice>2.41</UnitOfMeasurePrice>
      <AllowDiscount>1</AllowDiscount>
      <ItemStatus>1</ItemStatus>
    </Item>
    <Item>
      <PriceUpdateDate>2018-07-10 12:48</PriceUpdateDate>
      <ItemCode>7296073267003</ItemCode>
      <ItemType>1</ItemType>
      <ItemName>מחית תפו"ע ובננה 190גרם</ItemName>
      <ManufacturerName>שופרסל</ManufacturerName>
      <ManufactureCountry>CZ</ManufactureCountry>
      <ManufacturerItemDescription>מחית תפו"ע ובננה</ManufacturerItemDescription>
      <UnitQty>גרמים</UnitQty>
      <Quantity>190.00</Quantity>
      <bIsWeighted>0</bIsWeighted>
      <UnitOfMeasure>100 גרם</UnitOfMeasure>
      <QtyInPackage>1</QtyInPackage>
      <ItemPrice>4.90</ItemPrice>
      <UnitOfMeasurePrice>2.58</UnitOfMeasurePrice>
      <AllowDiscount>1</AllowDiscount>
      <ItemStatus>1</ItemStatus>
    </Item>
    <Item>
      <PriceUpdateDate>2017-12-05 11:56</PriceUpdateDate>
      <ItemCode>7296073267195</ItemCode>
      <ItemType>1</ItemType>
      <ItemName>צמר גפן רפואי שופרס100*2</ItemName>
      <ManufacturerName>SANAVI A.P</ManufacturerName>
      <ManufactureCountry>TR</ManufactureCountry>
      <ManufacturerItemDescription>זוג צמר גפן</ManufacturerItemDescription>
      <UnitQty>גרמים</UnitQty>
      <Quantity>200.00</Quantity>
      <bIsWeighted>0</bIsWeighted>
      <UnitOfMeasure>100 גרם</UnitOfMeasure>
      <QtyInPackage>1</QtyInPackage>
      <ItemPrice>11.90</ItemPrice>
      <UnitOfMeasurePrice>5.95</UnitOfMeasurePrice>
      <AllowDiscount>1</AllowDiscount>
      <ItemStatus>1</ItemStatus>
    </Item>
    <Item>
      <PriceUpdateDate>2018-07-01 08:43</PriceUpdateDate>
      <ItemCode>7296073268925</ItemCode>
      <ItemType>1</ItemType>
      <ItemName>נייר טואלט 16 גליל כפול</ItemName>
      <ManufacturerName>שניב תעשיות נייר</ManufacturerName>
      <ManufactureCountry>IL</ManufactureCountry>
      <ManufacturerItemDescription>נייר טואלט</ManufacturerItemDescription>
      <UnitQty>מטרים</UnitQty>
      <Quantity>573.00</Quantity>
      <bIsWeighted>0</bIsWeighted>
      <UnitOfMeasure>100 מטר</UnitOfMeasure>
      <QtyInPackage>1</QtyInPackage>
      <ItemPrice>31.90</ItemPrice>
      <UnitOfMeasurePrice>5.57</UnitOfMeasurePrice>
      <AllowDiscount>1</AllowDiscount>
      <ItemStatus>1</ItemStatus>
    </Item>
    <Item>
      <PriceUpdateDate>2016-11-04 09:57</PriceUpdateDate>
      <ItemCode>7296073270287</ItemCode>
      <ItemType>1</ItemType>
      <ItemName>תבנית אלומיניום אינגליש</ItemName>
      <ManufacturerName>כללי</ManufacturerName>
      <ManufactureCountry>IL</ManufactureCountry>
      <ManufacturerItemDescription>תבנית אינגליש</ManufacturerItemDescription>
      <UnitQty>יחידה</UnitQty>
      <Quantity>1.00</Quantity>
      <bIsWeighted>0</bIsWeighted>
      <UnitOfMeasure>יחידה</UnitOfMeasure>
      <QtyInPackage>1</QtyInPackage>
      <ItemPrice>12.90</ItemPrice>
      <UnitOfMeasurePrice>12.90</UnitOfMeasurePrice>
      <AllowDiscount>1</AllowDiscount>
      <ItemStatus>1</ItemStatus>
    </Item>
    <Item>
      <PriceUpdateDate>2016-11-04 09:57</PriceUpdateDate>
      <ItemCode>7296073270300</ItemCode>
      <ItemType>1</ItemType>
      <ItemName>תבנית אלומיניום קטנה 15י</ItemName>
      <ManufacturerName>כללי</ManufacturerName>
      <ManufactureCountry>IL</ManufactureCountry>
      <ManufacturerItemDescription>תבנית קטנה</ManufacturerItemDescription>
      <UnitQty>יחידה</UnitQty>
      <Quantity>1.00</Quantity>
      <bIsWeighted>0</bIsWeighted>
      <UnitOfMeasure>יחידה</UnitOfMeasure>
      <QtyInPackage>1</QtyInPackage>
      <ItemPrice>12.90</ItemPrice>
      <UnitOfMeasurePrice>12.90</UnitOfMeasurePrice>
      <AllowDiscount>1</AllowDiscount>
      <ItemStatus>1</ItemStatus>
    </Item>
    <Item>
      <PriceUpdateDate>2016-11-04 09:57</PriceUpdateDate>
      <ItemCode>7296073270317</ItemCode>
      <ItemType>1</ItemType>
      <ItemName>תבנית אלומיניום עגולה 7</ItemName>
      <ManufacturerName>כללי</ManufacturerName>
      <ManufactureCountry>IL</ManufactureCountry>
      <ManufacturerItemDescription>תבנית עגולה</ManufacturerItemDescription>
      <UnitQty>יחידה</UnitQty>
      <Quantity>1.00</Quantity>
      <bIsWeighted>0</bIsWeighted>
      <UnitOfMeasure>יחידה</UnitOfMeasure>
      <QtyInPackage>1</QtyInPackage>
      <ItemPrice>12.90</ItemPrice>
      <UnitOfMeasurePrice>12.90</UnitOfMeasurePrice>
      <AllowDiscount>1</AllowDiscount>
      <ItemStatus>1</ItemStatus>
    </Item>
    <Item>
      <PriceUpdateDate>2016-11-04 09:57</PriceUpdateDate>
      <ItemCode>7296073270324</ItemCode>
      <ItemType>1</ItemType>
      <ItemName>תבנית אלומיניום גדולה 7י</ItemName>
      <ManufacturerName>כללי</ManufacturerName>
      <ManufactureCountry>IL</ManufactureCountry>
      <ManufacturerItemDescription>תבנית מלבנית</ManufacturerItemDescription>
      <UnitQty>יחידה</UnitQty>
      <Quantity>1.00</Quantity>
      <bIsWeighted>0</bIsWeighted>
      <UnitOfMeasure>יחידה</UnitOfMeasure>
      <QtyInPackage>1</QtyInPackage>
      <ItemPrice>12.90</ItemPrice>
      <UnitOfMeasurePrice>12.90</UnitOfMeasurePrice>
      <AllowDiscount>1</AllowDiscount>
      <ItemStatus>1</ItemStatus>
    </Item>
    <Item>
      <PriceUpdateDate>2016-11-04 09:57</PriceUpdateDate>
      <ItemCode>7296073270331</ItemCode>
      <ItemType>1</ItemType>
      <ItemName>תבנית אלומיניום ענקית 5י</ItemName>
      <ManufacturerName>כללי</ManufacturerName>
      <ManufactureCountry>IL</ManufactureCountry>
      <ManufacturerItemDescription>תבנית ענקיות</ManufacturerItemDescription>
      <UnitQty>יחידה</UnitQty>
      <Quantity>1.00</Quantity>
      <bIsWeighted>0</bIsWeighted>
      <UnitOfMeasure>יחידה</UnitOfMeasure>
      <QtyInPackage>1</QtyInPackage>
      <ItemPrice>12.90</ItemPrice>
      <UnitOfMeasurePrice>12.90</UnitOfMeasurePrice>
      <AllowDiscount>1</AllowDiscount>
      <ItemStatus>1</ItemStatus>
    </Item>
    <Item>
      <PriceUpdateDate>2020-10-10 21:30</PriceUpdateDate>
      <ItemCode>7296073272496</ItemCode>
      <ItemType>1</ItemType>
      <ItemName>נייר טואלט שופרסל 32 גל</ItemName>
      <ManufacturerName>שניב תעשיות נייר</ManufacturerName>
      <ManufactureCountry>IL</ManufactureCountry>
      <ManufacturerItemDescription>נייר טואלט 32גל</ManufacturerItemDescription>
      <UnitQty>מטרים</UnitQty>
      <Quantity>573.00</Quantity>
      <bIsWeighted>0</bIsWeighted>
      <UnitOfMeasure>100 מטר</UnitOfMeasure>
      <QtyInPackage>1</QtyInPackage>
      <ItemPrice>27.90</ItemPrice>
      <UnitOfMeasurePrice>4.87</UnitOfMeasurePrice>
      <AllowDiscount>1</AllowDiscount>
      <ItemStatus>1</ItemStatus>
    </Item>
    <Item>
      <PriceUpdateDate>2019-05-28 14:16</PriceUpdateDate>
      <ItemCode>7296073273189</ItemCode>
      <ItemType>1</ItemType>
      <ItemName>מפרום שופרסל 770 גרם</ItemName>
      <ManufacturerName>סי.אי.פי מבוא חורון</ManufacturerName>
      <ManufactureCountry>IL</ManufactureCountry>
      <ManufacturerItemDescription>מפרום</ManufacturerItemDescription>
      <UnitQty>גרמים</UnitQty>
      <Quantity>770.00</Quantity>
      <bIsWeighted>0</bIsWeighted>
      <UnitOfMeasure>100 גרם</UnitOfMeasure>
      <QtyInPackage>1</QtyInPackage>
      <ItemPrice>29.90</ItemPrice>
      <UnitOfMeasurePrice>3.88</UnitOfMeasurePrice>
      <AllowDiscount>1</AllowDiscount>
      <ItemStatus>1</ItemStatus>
    </Item>
    <Item>
      <PriceUpdateDate>2019-05-28 14:16</PriceUpdateDate>
      <ItemCode>7296073273196</ItemCode>
      <ItemType>1</ItemType>
      <ItemName>קציצות ברוטב עגבניות620ג</ItemName>
      <ManufacturerName>סי.אי.פי מבוא חורון</ManufacturerName>
      <ManufactureCountry>IL</ManufactureCountry>
      <ManufacturerItemDescription>קציצות ברוטב</ManufacturerItemDescription>
      <UnitQty>גרמים</UnitQty>
      <Quantity>620.00</Quantity>
      <bIsWeighted>0</bIsWeighted>
      <UnitOfMeasure>100 גרם</UnitOfMeasure>
      <QtyInPackage>1</QtyInPackage>
      <ItemPrice>29.90</ItemPrice>
      <UnitOfMeasurePrice>4.82</UnitOfMeasurePrice>
      <AllowDiscount>1</AllowDiscount>
      <ItemStatus>1</ItemStatus>
    </Item>
    <Item>
      <PriceUpdateDate>2019-05-28 14:16</PriceUpdateDate>
      <ItemCode>7296073273226</ItemCode>
      <ItemType>1</ItemType>
      <ItemName>גפילטע פיש 400 גרם</ItemName>
      <ManufacturerName>דג עים בע"מ</ManufacturerName>
      <ManufactureCountry>IL</ManufactureCountry>
      <ManufacturerItemDescription>גפילטע פיש מצונן</ManufacturerItemDescription>
      <UnitQty>גרמים</UnitQty>
      <Quantity>400.00</Quantity>
      <bIsWeighted>0</bIsWeighted>
      <UnitOfMeasure>100 גרם</UnitOfMeasure>
      <QtyInPackage>1</QtyInPackage>
      <ItemPrice>24.90</ItemPrice>
      <UnitOfMeasurePrice>6.23</UnitOfMeasurePrice>
      <AllowDiscount>1</AllowDiscount>
      <ItemStatus>1</ItemStatus>
    </Item>
    <Item>
      <PriceUpdateDate>2017-08-08 08:17</PriceUpdateDate>
      <ItemCode>7296073273462</ItemCode>
      <ItemType>1</ItemType>
      <ItemName>מארז ידית  + 12 סכינים</ItemName>
      <ManufacturerName>פוג'יקום</ManufacturerName>
      <ManufactureCountry>CN</ManufactureCountry>
      <ManufacturerItemDescription>מארז ידית+סכינים</ManufacturerItemDescription>
      <UnitQty>יחידה</UnitQty>
      <Quantity>1.00</Quantity>
      <bIsWeighted>0</bIsWeighted>
      <UnitOfMeasure>יחידה</UnitOfMeasure>
      <QtyInPackage>1</QtyInPackage>
      <ItemPrice>92.00</ItemPrice>
      <UnitOfMeasurePrice>92.00</UnitOfMeasurePrice>
      <AllowDiscount>1</AllowDiscount>
      <ItemStatus>1</ItemStatus>
    </Item>
    <Item>
      <PriceUpdateDate>2017-08-24 15:15</PriceUpdateDate>
      <ItemCode>7296073274414</ItemCode>
      <ItemType>1</ItemType>
      <ItemName>קולה שופרסל 1.5 ליטר</ItemName>
      <ManufacturerName>אולקר</ManufacturerName>
      <ManufactureCountry>TR</ManufactureCountry>
      <ManufacturerItemDescription>קולה שופרסל</ManufacturerItemDescription>
      <UnitQty>ליטרים</UnitQty>
      <Quantity>1.50</Quantity>
      <bIsWeighted>0</bIsWeighted>
      <UnitOfMeasure>ליטר</UnitOfMeasure>
      <QtyInPackage>1</QtyInPackage>
      <ItemPrice>4.30</ItemPrice>
      <UnitOfMeasurePrice>2.87</UnitOfMeasurePrice>
      <AllowDiscount>1</AllowDiscount>
      <ItemStatus>1</ItemStatus>
    </Item>
    <Item>
      <PriceUpdateDate>2020-02-24 08:10</PriceUpdateDate>
      <ItemCode>7296073274438</ItemCode>
      <ItemType>1</ItemType>
      <ItemName>קולה שופרסל 1.5*4 ליטר</ItemName>
      <ManufacturerName>---</ManufacturerName>
      <ManufactureCountry>TR</ManufactureCountry>
      <ManufacturerItemDescription>קולה שופרסל 4 יח</ManufacturerItemDescription>
      <UnitQty>ליטרים</UnitQty>
      <Quantity>6.00</Quantity>
      <bIsWeighted>0</bIsWeighted>
      <UnitOfMeasure>ליטר</UnitOfMeasure>
      <QtyInPackage>1</QtyInPackage>
      <ItemPrice>15.90</ItemPrice>
      <UnitOfMeasurePrice>2.65</UnitOfMeasurePrice>
      <AllowDiscount>1</AllowDiscount>
      <ItemStatus>1</ItemStatus>
    </Item>
    <Item>
      <PriceUpdateDate>2019-06-25 11:17</PriceUpdateDate>
      <ItemCode>7296073277255</ItemCode>
      <ItemType>1</ItemType>
      <ItemName>מגבונים לחים 72*6 יח</ItemName>
      <ManufacturerName>דינמיק</ManufacturerName>
      <ManufactureCountry>IL</ManufactureCountry>
      <ManufacturerItemDescription>מגבונים לחים 6יח</ManufacturerItemDescription>
      <UnitQty>יחידה</UnitQty>
      <Quantity>1.00</Quantity>
      <bIsWeighted>0</bIsWeighted>
      <UnitOfMeasure>יחידה</UnitOfMeasure>
      <QtyInPackage>1</QtyInPackage>
      <ItemPrice>22.90</ItemPrice>
      <UnitOfMeasurePrice>22.90</UnitOfMeasurePrice>
      <AllowDiscount>1</AllowDiscount>
      <ItemStatus>1</ItemStatus>
    </Item>
    <Item>
      <PriceUpdateDate>2017-05-03 11:53</PriceUpdateDate>
      <ItemCode>7296073281702</ItemCode>
      <ItemType>1</ItemType>
      <ItemName>מגבוני נ.טואלט למבוגרים</ItemName>
      <ManufacturerName>דינמיק תעשיות מגבונים</ManufacturerName>
      <ManufactureCountry>IL</ManufactureCountry>
      <ManufacturerItemDescription>מגבונ.נייר טואלט</ManufacturerItemDescription>
      <UnitQty>יחידה</UnitQty>
      <Quantity>1.00</Quantity>
      <bIsWeighted>0</bIsWeighted>
      <UnitOfMeasure>יחידה</UnitOfMeasure>
      <QtyInPackage>1</QtyInPackage>
      <ItemPrice>12.10</ItemPrice>
      <UnitOfMeasurePrice>12.10</UnitOfMeasurePrice>
      <AllowDiscount>1</AllowDiscount>
      <ItemStatus>1</ItemStatus>
    </Item>
    <Item>
      <PriceUpdateDate>2017-04-25 09:19</PriceUpdateDate>
      <ItemCode>7296073283720</ItemCode>
      <ItemType>1</ItemType>
      <ItemName>נקניקיות הודו פרימיום 30</ItemName>
      <ManufacturerName>זוגלובק</ManufacturerName>
      <ManufactureCountry>IL</ManufactureCountry>
      <ManufacturerItemDescription>נקניקיות הודו</ManufacturerItemDescription>
      <UnitQty>גרמים</UnitQty>
      <Quantity>300.00</Quantity>
      <bIsWeighted>0</bIsWeighted>
      <UnitOfMeasure>100 גרם</UnitOfMeasure>
      <QtyInPackage>1</QtyInPackage>
      <ItemPrice>19.90</ItemPrice>
      <UnitOfMeasurePrice>6.63</UnitOfMeasurePrice>
      <AllowDiscount>1</AllowDiscount>
      <ItemStatus>1</ItemStatus>
    </Item>
    <Item>
      <PriceUpdateDate>2017-05-22 13:04</PriceUpdateDate>
      <ItemCode>7296073283812</ItemCode>
      <ItemType>1</ItemType>
      <ItemName>קוביות  מנגו קפוא 300 ג</ItemName>
      <ManufacturerName>d.o.o Lukowa</ManufacturerName>
      <ManufactureCountry>RS</ManufactureCountry>
      <ManufacturerItemDescription>קוביות  מנגו</ManufacturerItemDescription>
      <UnitQty>גרמים</UnitQty>
      <Quantity>300.00</Quantity>
      <bIsWeighted>0</bIsWeighted>
      <UnitOfMeasure>100 גרם</UnitOfMeasure>
      <QtyInPackage>1</QtyInPackage>
      <ItemPrice>16.90</ItemPrice>
      <UnitOfMeasurePrice>5.63</UnitOfMeasurePrice>
      <AllowDiscount>1</AllowDiscount>
      <ItemStatus>1</ItemStatus>
    </Item>
    <Item>
      <PriceUpdateDate>2017-05-22 13:04</PriceUpdateDate>
      <ItemCode>7296073283829</ItemCode>
      <ItemType>1</ItemType>
      <ItemName>מיקס פירות טרופי קפוא 30</ItemName>
      <ManufacturerName>d.o.o Lukowa</ManufacturerName>
      <ManufactureCountry>RS</ManufactureCountry>
      <ManufacturerItemDescription>מיקס פירות טרופי</ManufacturerItemDescription>
      <UnitQty>גרמים</UnitQty>
      <Quantity>300.00</Quantity>
      <bIsWeighted>0</bIsWeighted>
      <UnitOfMeasure>100 גרם</UnitOfMeasure>
      <QtyInPackage>1</QtyInPackage>
      <ItemPrice>16.90</ItemPrice>
      <UnitOfMeasurePrice>5.63</UnitOfMeasurePrice>
      <AllowDiscount>1</AllowDiscount>
      <ItemStatus>1</ItemStatus>
    </Item>
    <Item>
      <PriceUpdateDate>2017-08-01 07:06</PriceUpdateDate>
      <ItemCode>7296073284970</ItemCode>
      <ItemType>1</ItemType>
      <ItemName>משק"ל בטעם אשכוליות1.5ל</ItemName>
      <ManufacturerName>גניר</ManufacturerName>
      <ManufactureCountry>IL</ManufactureCountry>
      <ManufacturerItemDescription>משק"ל בטעם אשכול</ManufacturerItemDescription>
      <UnitQty>ליטרים</UnitQty>
      <Quantity>1.50</Quantity>
      <bIsWeighted>0</bIsWeighted>
      <UnitOfMeasure>ליטר</UnitOfMeasure>
      <QtyInPackage>1</QtyInPackage>
      <ItemPrice>6.50</ItemPrice>
      <UnitOfMeasurePrice>4.33</UnitOfMeasurePrice>
      <AllowDiscount>1</AllowDiscount>
      <ItemStatus>1</ItemStatus>
    </Item>
    <Item>
      <PriceUpdateDate>2017-08-08 08:17</PriceUpdateDate>
      <ItemCode>7296073285267</ItemCode>
      <ItemType>1</ItemType>
      <ItemName>סכין שקוף עבה ח"פ 100 יח</ItemName>
      <ManufacturerName>כללי</ManufacturerName>
      <ManufactureCountry>CN</ManufactureCountry>
      <ManufacturerItemDescription>סכין שקוף עבה</ManufacturerItemDescription>
      <UnitQty>יחידה</UnitQty>
      <Quantity>1.00</Quantity>
      <bIsWeighted>0</bIsWeighted>
      <UnitOfMeasure>יחידה</UnitOfMeasure>
      <QtyInPackage>1</QtyInPackage>
      <ItemPrice>12.90</ItemPrice>
      <UnitOfMeasurePrice>12.90</UnitOfMeasurePrice>
      <AllowDiscount>1</AllowDiscount>
      <ItemStatus>1</ItemStatus>
    </Item>
    <Item>
      <PriceUpdateDate>2017-08-08 08:17</PriceUpdateDate>
      <ItemCode>7296073285274</ItemCode>
      <ItemType>1</ItemType>
      <ItemName>מזלג שקוף עבה ח"פ 100 יח</ItemName>
      <ManufacturerName>כללי</ManufacturerName>
      <ManufactureCountry>CN</ManufactureCountry>
      <ManufacturerItemDescription>מזלג שקוף עבה</ManufacturerItemDescription>
      <UnitQty>יחידה</UnitQty>
      <Quantity>1.00</Quantity>
      <bIsWeighted>0</bIsWeighted>
      <UnitOfMeasure>יחידה</UnitOfMeasure>
      <QtyInPackage>1</QtyInPackage>
      <ItemPrice>12.90</ItemPrice>
      <UnitOfMeasurePrice>12.90</UnitOfMeasurePrice>
      <AllowDiscount>1</AllowDiscount>
      <ItemStatus>1</ItemStatus>
    </Item>
    <Item>
      <PriceUpdateDate>2017-08-08 08:17</PriceUpdateDate>
      <ItemCode>7296073285281</ItemCode>
      <ItemType>1</ItemType>
      <ItemName>כפית שקוף עבה ח"פ 100 יח</ItemName>
      <ManufacturerName>כללי</ManufacturerName>
      <ManufactureCountry>CN</ManufactureCountry>
      <ManufacturerItemDescription>כפית שקוף עבה</ManufacturerItemDescription>
      <UnitQty>יחידה</UnitQty>
      <Quantity>1.00</Quantity>
      <bIsWeighted>0</bIsWeighted>
      <UnitOfMeasure>יחידה</UnitOfMeasure>
      <QtyInPackage>1</QtyInPackage>
      <ItemPrice>12.90</ItemPrice>
      <UnitOfMeasurePrice>12.90</UnitOfMeasurePrice>
      <AllowDiscount>1</AllowDiscount>
      <ItemStatus>1</ItemStatus>
    </Item>
    <Item>
      <PriceUpdateDate>2017-08-08 08:17</PriceUpdateDate>
      <ItemCode>7296073285298</ItemCode>
      <ItemType>1</ItemType>
      <ItemName>כף שקוף עבה ח"פ 100 יח</ItemName>
      <ManufacturerName>כללי</ManufacturerName>
      <ManufactureCountry>CN</ManufactureCountry>
      <ManufacturerItemDescription>כף שקוף עבה</ManufacturerItemDescription>
      <UnitQty>יחידה</UnitQty>
      <Quantity>1.00</Quantity>
      <bIsWeighted>0</bIsWeighted>
      <UnitOfMeasure>יחידה</UnitOfMeasure>
      <QtyInPackage>1</QtyInPackage>
      <ItemPrice>12.90</ItemPrice>
      <UnitOfMeasurePrice>12.90</UnitOfMeasurePrice>
      <AllowDiscount>1</AllowDiscount>
      <ItemStatus>1</ItemStatus>
    </Item>
    <Item>
      <PriceUpdateDate>2017-11-14 10:39</PriceUpdateDate>
      <ItemCode>7296073285403</ItemCode>
      <ItemType>1</ItemType>
      <ItemName>נרות חימום בשקית 50 יח</ItemName>
      <ManufacturerName>CANDLE ITBRIGHT</ManufacturerName>
      <ManufactureCountry>CN</ManufactureCountry>
      <ManufacturerItemDescription>נרות חימום בשקית</ManufacturerItemDescription>
      <UnitQty>יחידה</UnitQty>
      <Quantity>1.00</Quantity>
      <bIsWeighted>0</bIsWeighted>
      <UnitOfMeasure>יחידה</UnitOfMeasure>
      <QtyInPackage>1</QtyInPackage>
      <ItemPrice>10.90</ItemPrice>
      <UnitOfMeasurePrice>10.90</UnitOfMeasurePrice>
      <AllowDiscount>1</AllowDiscount>
      <ItemStatus>1</ItemStatus>
    </Item>
    <Item>
      <PriceUpdateDate>2017-11-14 10:39</PriceUpdateDate>
      <ItemCode>7296073285410</ItemCode>
      <ItemType>1</ItemType>
      <ItemName>נרות חימום בשקית 100 יחי</ItemName>
      <ManufacturerName>CANDLE ITBRIGHT</ManufacturerName>
      <ManufactureCountry>CN</ManufactureCountry>
      <ManufacturerItemDescription>נרות חימום בשקית</ManufacturerItemDescription>
      <UnitQty>יחידה</UnitQty>
      <Quantity>1.00</Quantity>
      <bIsWeighted>0</bIsWeighted>
      <UnitOfMeasure>יחידה</UnitOfMeasure>
      <QtyInPackage>1</QtyInPackage>
      <ItemPrice>19.90</ItemPrice>
      <UnitOfMeasurePrice>19.90</UnitOfMeasurePrice>
      <AllowDiscount>1</AllowDiscount>
      <ItemStatus>1</ItemStatus>
    </Item>
    <Item>
      <PriceUpdateDate>2017-05-23 08:22</PriceUpdateDate>
      <ItemCode>7296073286073</ItemCode>
      <ItemType>1</ItemType>
      <ItemName>אורז בסמטי בצנצנת 1 ק"ג</ItemName>
      <ManufacturerName>SETIA LAL CHAMAN</ManufacturerName>
      <ManufactureCountry>IN</ManufactureCountry>
      <ManufacturerItemDescription>אורז בסמטי</ManufacturerItemDescription>
      <UnitQty>קילוגרמים</UnitQty>
      <Quantity>1.00</Quantity>
      <bIsWeighted>0</bIsWeighted>
      <UnitOfMeasure>ק"ג</UnitOfMeasure>
      <QtyInPackage>1</QtyInPackage>
      <ItemPrice>14.90</ItemPrice>
      <UnitOfMeasurePrice>14.90</UnitOfMeasurePrice>
      <AllowDiscount>1</AllowDiscount>
      <ItemStatus>1</ItemStatus>
    </Item>
    <Item>
      <PriceUpdateDate>2017-05-30 12:08</PriceUpdateDate>
      <ItemCode>7296073286349</ItemCode>
      <ItemType>1</ItemType>
      <ItemName>שקיות אשפה חזקות גדולות</ItemName>
      <ManufacturerName>אשפלסט</ManufacturerName>
      <ManufactureCountry>IL</ManufactureCountry>
      <ManufacturerItemDescription>שקיות אשפה</ManufacturerItemDescription>
      <UnitQty>יחידה</UnitQty>
      <Quantity>1.00</Quantity>
      <bIsWeighted>0</bIsWeighted>
      <UnitOfMeasure>יחידה</UnitOfMeasure>
      <QtyInPackage>1</QtyInPackage>
      <ItemPrice>19.90</ItemPrice>
      <UnitOfMeasurePrice>19.90</UnitOfMeasurePrice>
      <AllowDiscount>1</AllowDiscount>
      <ItemStatus>1</ItemStatus>
    </Item>
    <Item>
      <PriceUpdateDate>2017-05-30 12:08</PriceUpdateDate>
      <ItemCode>7296073286363</ItemCode>
      <ItemType>1</ItemType>
      <ItemName>שקית ענקית לאשפה משרדית</ItemName>
      <ManufacturerName>אשפלסט</ManufacturerName>
      <ManufactureCountry>IL</ManufactureCountry>
      <ManufacturerItemDescription>שקיות אשפה</ManufacturerItemDescription>
      <UnitQty>יחידה</UnitQty>
      <Quantity>1.00</Quantity>
      <bIsWeighted>0</bIsWeighted>
      <UnitOfMeasure>יחידה</UnitOfMeasure>
      <QtyInPackage>1</QtyInPackage>
      <ItemPrice>14.80</ItemPrice>
      <UnitOfMeasurePrice>14.80</UnitOfMeasurePrice>
      <AllowDiscount>1</AllowDiscount>
      <ItemStatus>1</ItemStatus>
    </Item>
    <Item>
      <PriceUpdateDate>2020-08-25 13:41</PriceUpdateDate>
      <ItemCode>7296073286394</ItemCode>
      <ItemType>1</ItemType>
      <ItemName>שקיות אשפה חזקות גדולות</ItemName>
      <ManufacturerName>אשפלסט</ManufacturerName>
      <ManufactureCountry>IL</ManufactureCountry>
      <ManufacturerItemDescription>שקיות אשפה</ManufacturerItemDescription>
      <UnitQty>יחידה</UnitQty>
      <Quantity>1.00</Quantity>
      <bIsWeighted>0</bIsWeighted>
      <UnitOfMeasure>יחידה</UnitOfMeasure>
      <QtyInPackage>1</QtyInPackage>
      <ItemPrice>37.50</ItemPrice>
      <UnitOfMeasurePrice>37.50</UnitOfMeasurePrice>
      <AllowDiscount>1</AllowDiscount>
      <ItemStatus>1</ItemStatus>
    </Item>
    <Item>
      <PriceUpdateDate>2019-09-10 13:18</PriceUpdateDate>
      <ItemCode>7296073286509</ItemCode>
      <ItemType>1</ItemType>
      <ItemName>פטריות שמפניון יחידה</ItemName>
      <ManufacturerName>---</ManufacturerName>
      <ManufactureCountry>IL</ManufactureCountry>
      <ManufacturerItemDescription>פטריות שמפניון</ManufacturerItemDescription>
      <UnitQty>יחידה</UnitQty>
      <Quantity>1.00</Quantity>
      <bIsWeighted>0</bIsWeighted>
      <UnitOfMeasure>יחידה</UnitOfMeasure>
      <QtyInPackage>1</QtyInPackage>
      <ItemPrice>10.90</ItemPrice>
      <UnitOfMeasurePrice>10.90</UnitOfMeasurePrice>
      <AllowDiscount>1</AllowDiscount>
      <ItemStatus>1</ItemStatus>
    </Item>
    <Item>
      <PriceUpdateDate>2020-02-04 09:47</PriceUpdateDate>
      <ItemCode>7296073289739</ItemCode>
      <ItemType>1</ItemType>
      <ItemName>שקיות צליה שופרסל 10 יח</ItemName>
      <ManufacturerName>כללי</ManufacturerName>
      <ManufactureCountry>TR</ManufactureCountry>
      <ManufacturerItemDescription>שקיות צליה</ManufacturerItemDescription>
      <UnitQty>יחידה</UnitQty>
      <Quantity>1.00</Quantity>
      <bIsWeighted>0</bIsWeighted>
      <UnitOfMeasure>יחידה</UnitOfMeasure>
      <QtyInPackage>1</QtyInPackage>
      <ItemPrice>4.90</ItemPrice>
      <UnitOfMeasurePrice>4.90</UnitOfMeasurePrice>
      <AllowDiscount>1</AllowDiscount>
      <ItemStatus>1</ItemStatus>
    </Item>
    <Item>
      <PriceUpdateDate>2017-11-10 13:53</PriceUpdateDate>
      <ItemCode>7296073290674</ItemCode>
      <ItemType>1</ItemType>
      <ItemName>גומיות עבות צבעוניות12יח</ItemName>
      <ManufacturerName>TECHONGGIES TAIKONE</ManufacturerName>
      <ManufactureCountry>CN</ManufactureCountry>
      <ManufacturerItemDescription>גומיות צבעוניות</ManufacturerItemDescription>
      <UnitQty>יחידה</UnitQty>
      <Quantity>1.00</Quantity>
      <bIsWeighted>0</bIsWeighted>
      <UnitOfMeasure>יחידה</UnitOfMeasure>
      <QtyInPackage>1</QtyInPackage>
      <ItemPrice>9.90</ItemPrice>
      <UnitOfMeasurePrice>9.90</UnitOfMeasurePrice>
      <AllowDiscount>1</AllowDiscount>
      <ItemStatus>1</ItemStatus>
    </Item>
    <Item>
      <PriceUpdateDate>2017-11-07 09:20</PriceUpdateDate>
      <ItemCode>7296073290803</ItemCode>
      <ItemType>1</ItemType>
      <ItemName>חציל קלוי על האש 650 גרם</ItemName>
      <ManufacturerName>בלו גלו</ManufacturerName>
      <ManufactureCountry>TR</ManufactureCountry>
      <ManufacturerItemDescription>חציל קלוי</ManufacturerItemDescription>
      <UnitQty>גרמים</UnitQty>
      <Quantity>650.00</Quantity>
      <bIsWeighted>0</bIsWeighted>
      <UnitOfMeasure>100 גרם</UnitOfMeasure>
      <QtyInPackage>1</QtyInPackage>
      <ItemPrice>11.90</ItemPrice>
      <UnitOfMeasurePrice>1.83</UnitOfMeasurePrice>
      <AllowDiscount>1</AllowDiscount>
      <ItemStatus>1</ItemStatus>
    </Item>
    <Item>
      <PriceUpdateDate>2017-11-07 09:20</PriceUpdateDate>
      <ItemCode>7296073290810</ItemCode>
      <ItemType>1</ItemType>
      <ItemName>פלפל אדום קלוי על האש650</ItemName>
      <ManufacturerName>בלו גלו</ManufacturerName>
      <ManufactureCountry>TR</ManufactureCountry>
      <ManufacturerItemDescription>פלפל אדום קלוי</ManufacturerItemDescription>
      <UnitQty>גרמים</UnitQty>
      <Quantity>650.00</Quantity>
      <bIsWeighted>0</bIsWeighted>
      <UnitOfMeasure>100 גרם</UnitOfMeasure>
      <QtyInPackage>1</QtyInPackage>
      <ItemPrice>11.90</ItemPrice>
      <UnitOfMeasurePrice>1.83</UnitOfMeasurePrice>
      <AllowDiscount>1</AllowDiscount>
      <ItemStatus>1</ItemStatus>
    </Item>
    <Item>
      <PriceUpdateDate>2018-06-26 15:17</PriceUpdateDate>
      <ItemCode>7296073291084</ItemCode>
      <ItemType>1</ItemType>
      <ItemName>עוגיות חמאה דניות 150גרם</ItemName>
      <ManufacturerName>BAKERY JACOBSENS</ManufacturerName>
      <ManufactureCountry>DK</ManufactureCountry>
      <ManufacturerItemDescription>עוגיות חמאה בפח</ManufacturerItemDescription>
      <UnitQty>גרמים</UnitQty>
      <Quantity>150.00</Quantity>
      <bIsWeighted>0</bIsWeighted>
      <UnitOfMeasure>100 גרם</UnitOfMeasure>
      <QtyInPackage>1</QtyInPackage>
      <ItemPrice>13.90</ItemPrice>
      <UnitOfMeasurePrice>9.27</UnitOfMeasurePrice>
      <AllowDiscount>1</AllowDiscount>
      <ItemStatus>1</ItemStatus>
    </Item>
    <Item>
      <PriceUpdateDate>2017-08-29 12:12</PriceUpdateDate>
      <ItemCode>7296073291244</ItemCode>
      <ItemType>1</ItemType>
      <ItemName>חומץ 5% שופרסל 1 ליטר</ItemName>
      <ManufacturerName>מיטב</ManufacturerName>
      <ManufactureCountry>IL</ManufactureCountry>
      <ManufacturerItemDescription>חומץ 5%</ManufacturerItemDescription>
      <UnitQty>ליטרים</UnitQty>
      <Quantity>1.00</Quantity>
      <bIsWeighted>0</bIsWeighted>
      <UnitOfMeasure>ליטר</UnitOfMeasure>
      <QtyInPackage>1</QtyInPackage>
      <ItemPrice>6.40</ItemPrice>
      <UnitOfMeasurePrice>6.40</UnitOfMeasurePrice>
      <AllowDiscount>1</AllowDiscount>
      <ItemStatus>1</ItemStatus>
    </Item>
    <Item>
      <PriceUpdateDate>2017-11-14 10:36</PriceUpdateDate>
      <ItemCode>7296073291251</ItemCode>
      <ItemType>1</ItemType>
      <ItemName>מיץ לימון משומר שופרסל1ל</ItemName>
      <ManufacturerName>---</ManufacturerName>
      <ManufactureCountry>IL</ManufactureCountry>
      <ManufacturerItemDescription>מיץ לימון</ManufacturerItemDescription>
      <UnitQty>ליטרים</UnitQty>
      <Quantity>1.00</Quantity>
      <bIsWeighted>0</bIsWeighted>
      <UnitOfMeasure>ליטר</UnitOfMeasure>
      <QtyInPackage>1</QtyInPackage>
      <ItemPrice>8.90</ItemPrice>
      <UnitOfMeasurePrice>8.90</UnitOfMeasurePrice>
      <AllowDiscount>1</AllowDiscount>
      <ItemStatus>1</ItemStatus>
    </Item>
    <Item>
      <PriceUpdateDate>2017-12-04 12:25</PriceUpdateDate>
      <ItemCode>7296073292210</ItemCode>
      <ItemType>1</ItemType>
      <ItemName>במיה שופרסל 600 גרם</ItemName>
      <ManufacturerName>פרי גליל</ManufacturerName>
      <ManufactureCountry>EG</ManufactureCountry>
      <ManufacturerItemDescription>במיה 600 גרם</ManufacturerItemDescription>
      <UnitQty>גרמים</UnitQty>
      <Quantity>600.00</Quantity>
      <bIsWeighted>0</bIsWeighted>
      <UnitOfMeasure>100 גרם</UnitOfMeasure>
      <QtyInPackage>1</QtyInPackage>
      <ItemPrice>14.80</ItemPrice>
      <UnitOfMeasurePrice>2.47</UnitOfMeasurePrice>
      <AllowDiscount>1</AllowDiscount>
      <ItemStatus>1</ItemStatus>
    </Item>
    <Item>
      <PriceUpdateDate>2018-01-02 16:14</PriceUpdateDate>
      <ItemCode>7296073292906</ItemCode>
      <ItemType>1</ItemType>
      <ItemName>פירורי לחם מוזהב.זיפר350</ItemName>
      <ManufacturerName>חטיפים מן הטבע</ManufacturerName>
      <ManufactureCountry>IL</ManufactureCountry>
      <ManufacturerItemDescription>פירורי לחם מוזהב</ManufacturerItemDescription>
      <UnitQty>גרמים</UnitQty>
      <Quantity>350.00</Quantity>
      <bIsWeighted>0</bIsWeighted>
      <UnitOfMeasure>100 גרם</UnitOfMeasure>
      <QtyInPackage>1</QtyInPackage>
      <ItemPrice>6.90</ItemPrice>
      <UnitOfMeasurePrice>1.97</UnitOfMeasurePrice>
      <AllowDiscount>1</AllowDiscount>
      <ItemStatus>1</ItemStatus>
    </Item>
    <Item>
      <PriceUpdateDate>2018-08-24 05:36</PriceUpdateDate>
      <ItemCode>7296073292913</ItemCode>
      <ItemType>1</ItemType>
      <ItemName>פירורי לחם לבן זיפר350גר</ItemName>
      <ManufacturerName>חטיפים מן הטבע</ManufacturerName>
      <ManufactureCountry>IL</ManufactureCountry>
      <ManufacturerItemDescription>פירורי לחם לבן</ManufacturerItemDescription>
      <UnitQty>גרמים</UnitQty>
      <Quantity>350.00</Quantity>
      <bIsWeighted>0</bIsWeighted>
      <UnitOfMeasure>100 גרם</UnitOfMeasure>
      <QtyInPackage>1</QtyInPackage>
      <ItemPrice>6.90</ItemPrice>
      <UnitOfMeasurePrice>1.97</UnitOfMeasurePrice>
      <AllowDiscount>1</AllowDiscount>
      <ItemStatus>1</ItemStatus>
    </Item>
    <Item>
      <PriceUpdateDate>2017-08-08 08:17</PriceUpdateDate>
      <ItemCode>7296073293040</ItemCode>
      <ItemType>1</ItemType>
      <ItemName>תבניות אפיה מוארכות+מכסה</ItemName>
      <ManufacturerName>כללי</ManufacturerName>
      <ManufactureCountry>IL</ManufactureCountry>
      <ManufacturerItemDescription>תבנית אפיה+מכסה</ManufacturerItemDescription>
      <UnitQty>יחידה</UnitQty>
      <Quantity>1.00</Quantity>
      <bIsWeighted>0</bIsWeighted>
      <UnitOfMeasure>יחידה</UnitOfMeasure>
      <QtyInPackage>1</QtyInPackage>
      <ItemPrice>12.90</ItemPrice>
      <UnitOfMeasurePrice>12.90</UnitOfMeasurePrice>
      <AllowDiscount>1</AllowDiscount>
      <ItemStatus>1</ItemStatus>
    </Item>
    <Item>
      <PriceUpdateDate>2018-02-21 10:09</PriceUpdateDate>
      <ItemCode>7296073296751</ItemCode>
      <ItemType>1</ItemType>
      <ItemName>שמרים יבשים בוואקום 125ג</ItemName>
      <ManufacturerName>---</ManufacturerName>
      <ManufactureCountry>TR</ManufactureCountry>
      <ManufacturerItemDescription>שמרים יבשים</ManufacturerItemDescription>
      <UnitQty>גרמים</UnitQty>
      <Quantity>125.00</Quantity>
      <bIsWeighted>0</bIsWeighted>
      <UnitOfMeasure>100 גרם</UnitOfMeasure>
      <QtyInPackage>1</QtyInPackage>
      <ItemPrice>4.50</ItemPrice>
      <UnitOfMeasurePrice>3.60</UnitOfMeasurePrice>
      <AllowDiscount>1</AllowDiscount>
      <ItemStatus>1</ItemStatus>
    </Item>
    <Item>
      <PriceUpdateDate>2019-05-01 16:36</PriceUpdateDate>
      <ItemCode>7296073320340</ItemCode>
      <ItemType>1</ItemType>
      <ItemName>סלט קלאסי אישי 300גרם</ItemName>
      <ManufacturerName>---</ManufacturerName>
      <ManufactureCountry>IL</ManufactureCountry>
      <ManufacturerItemDescription>סלט קלאסי אישי</ManufacturerItemDescription>
      <UnitQty>גרמים</UnitQty>
      <Quantity>300.00</Quantity>
      <bIsWeighted>0</bIsWeighted>
      <UnitOfMeasure>100 גרם</UnitOfMeasure>
      <QtyInPackage>1</QtyInPackage>
      <ItemPrice>12.90</ItemPrice>
      <UnitOfMeasurePrice>4.30</UnitOfMeasurePrice>
      <AllowDiscount>1</AllowDiscount>
      <ItemStatus>1</ItemStatus>
    </Item>
    <Item>
      <PriceUpdateDate>2019-05-01 16:36</PriceUpdateDate>
      <ItemCode>7296073320357</ItemCode>
      <ItemType>1</ItemType>
      <ItemName>סלט אישי בסגנון איטלקי</ItemName>
      <ManufacturerName>---</ManufacturerName>
      <ManufactureCountry>IL</ManufactureCountry>
      <ManufacturerItemDescription>סלט בסגנון אטלקי</ManufacturerItemDescription>
      <UnitQty>גרמים</UnitQty>
      <Quantity>300.00</Quantity>
      <bIsWeighted>0</bIsWeighted>
      <UnitOfMeasure>100 גרם</UnitOfMeasure>
      <QtyInPackage>1</QtyInPackage>
      <ItemPrice>12.90</ItemPrice>
      <UnitOfMeasurePrice>4.30</UnitOfMeasurePrice>
      <AllowDiscount>1</AllowDiscount>
      <ItemStatus>1</ItemStatus>
    </Item>
    <Item>
      <PriceUpdateDate>2019-05-01 16:36</PriceUpdateDate>
      <ItemCode>7296073320364</ItemCode>
      <ItemType>1</ItemType>
      <ItemName>סלט אישיעם בולגרית  310ג</ItemName>
      <ManufacturerName>---</ManufacturerName>
      <ManufactureCountry>IL</ManufactureCountry>
      <ManufacturerItemDescription>סלט עם בולגרית</ManufacturerItemDescription>
      <UnitQty>גרמים</UnitQty>
      <Quantity>310.00</Quantity>
      <bIsWeighted>0</bIsWeighted>
      <UnitOfMeasure>100 גרם</UnitOfMeasure>
      <QtyInPackage>1</QtyInPackage>
      <ItemPrice>16.90</ItemPrice>
      <UnitOfMeasurePrice>5.45</UnitOfMeasurePrice>
      <AllowDiscount>1</AllowDiscount>
      <ItemStatus>1</ItemStatus>
    </Item>
    <Item>
      <PriceUpdateDate>2018-11-15 10:01</PriceUpdateDate>
      <ItemCode>7296073320388</ItemCode>
      <ItemType>1</ItemType>
      <ItemName>עלי בייבי 120גרם</ItemName>
      <ManufacturerName>---</ManufacturerName>
      <ManufactureCountry>IL</ManufactureCountry>
      <ManufacturerItemDescription>עלי בייבי 120גרם</ManufacturerItemDescription>
      <UnitQty>גרמים</UnitQty>
      <Quantity>120.00</Quantity>
      <bIsWeighted>0</bIsWeighted>
      <UnitOfMeasure>100 גרם</UnitOfMeasure>
      <QtyInPackage>1</QtyInPackage>
      <ItemPrice>9.50</ItemPrice>
      <UnitOfMeasurePrice>7.92</UnitOfMeasurePrice>
      <AllowDiscount>1</AllowDiscount>
      <ItemStatus>1</ItemStatus>
    </Item>
    <Item>
      <PriceUpdateDate>2018-03-27 11:49</PriceUpdateDate>
      <ItemCode>7296073320517</ItemCode>
      <ItemType>1</ItemType>
      <ItemName>יוגורט יווני מסורת2% 150</ItemName>
      <ManufacturerName>S.A MEVGAL</ManufacturerName>
      <ManufactureCountry>GR</ManufactureCountry>
      <ManufacturerItemDescription>יוגורט יווני</ManufacturerItemDescription>
      <UnitQty>גרמים</UnitQty>
      <Quantity>150.00</Quantity>
      <bIsWeighted>0</bIsWeighted>
      <UnitOfMeasure>100 גרם</UnitOfMeasure>
      <QtyInPackage>1</QtyInPackage>
      <ItemPrice>5.90</ItemPrice>
      <UnitOfMeasurePrice>3.93</UnitOfMeasurePrice>
      <AllowDiscount>1</AllowDiscount>
      <ItemStatus>1</ItemStatus>
    </Item>
    <Item>
      <PriceUpdateDate>2019-01-23 17:54</PriceUpdateDate>
      <ItemCode>7296073321224</ItemCode>
      <ItemType>1</ItemType>
      <ItemName>סודה לשתיה שופרסל 100גרם</ItemName>
      <ManufacturerName>א.ל ייצור ושיווק תבלינים</ManufacturerName>
      <ManufactureCountry>IL</ManufactureCountry>
      <ManufacturerItemDescription>סודה לשתיה</ManufacturerItemDescription>
      <UnitQty>גרמים</UnitQty>
      <Quantity>100.00</Quantity>
      <bIsWeighted>0</bIsWeighted>
      <UnitOfMeasure>100 גרם</UnitOfMeasure>
      <QtyInPackage>1</QtyInPackage>
      <ItemPrice>2.40</ItemPrice>
      <UnitOfMeasurePrice>2.40</UnitOfMeasurePrice>
      <AllowDiscount>1</AllowDiscount>
      <ItemStatus>1</ItemStatus>
    </Item>
    <Item>
      <PriceUpdateDate>2020-10-10 18:30</PriceUpdateDate>
      <ItemCode>7296073321637</ItemCode>
      <ItemType>1</ItemType>
      <ItemName>מיץ ענבים שופרסל 750 מ"ל</ItemName>
      <ManufacturerName>יקבי ירושלים</ManufacturerName>
      <ManufactureCountry>IL</ManufactureCountry>
      <ManufacturerItemDescription>מיץ ענבים</ManufacturerItemDescription>
      <UnitQty>מיליליטרים</UnitQty>
      <Quantity>750.00</Quantity>
      <bIsWeighted>0</bIsWeighted>
      <UnitOfMeasure>100 מ"ל</UnitOfMeasure>
      <QtyInPackage>1</QtyInPackage>
      <ItemPrice>11.90</ItemPrice>
      <UnitOfMeasurePrice>1.58</UnitOfMeasurePrice>
      <AllowDiscount>1</AllowDiscount>
      <ItemStatus>1</ItemStatus>
    </Item>
    <Item>
      <PriceUpdateDate>2018-07-26 09:59</PriceUpdateDate>
      <ItemCode>7296073322474</ItemCode>
      <ItemType>1</ItemType>
      <ItemName>פריכיות חומוס+קינואה100ג</ItemName>
      <ManufacturerName>פרח תעשיות מזון</ManufacturerName>
      <ManufactureCountry>IL</ManufactureCountry>
      <ManufacturerItemDescription>פריכיות חומוס</ManufacturerItemDescription>
      <UnitQty>גרמים</UnitQty>
      <Quantity>100.00</Quantity>
      <bIsWeighted>0</bIsWeighted>
      <UnitOfMeasure>100 גרם</UnitOfMeasure>
      <QtyInPackage>1</QtyInPackage>
      <ItemPrice>10.90</ItemPrice>
      <UnitOfMeasurePrice>10.90</UnitOfMeasurePrice>
      <AllowDiscount>1</AllowDiscount>
      <ItemStatus>1</ItemStatus>
    </Item>
    <Item>
      <PriceUpdateDate>2018-07-26 09:59</PriceUpdateDate>
      <ItemCode>7296073322481</ItemCode>
      <ItemType>1</ItemType>
      <ItemName>פריכיות חומוס+צ'יאה100ג</ItemName>
      <ManufacturerName>פרח תעשיות מזון</ManufacturerName>
      <ManufactureCountry>IL</ManufactureCountry>
      <ManufacturerItemDescription>פריכיות חומוס</ManufacturerItemDescription>
      <UnitQty>גרמים</UnitQty>
      <Quantity>100.00</Quantity>
      <bIsWeighted>0</bIsWeighted>
      <UnitOfMeasure>100 גרם</UnitOfMeasure>
      <QtyInPackage>1</QtyInPackage>
      <ItemPrice>10.90</ItemPrice>
      <UnitOfMeasurePrice>10.90</UnitOfMeasurePrice>
      <AllowDiscount>1</AllowDiscount>
      <ItemStatus>1</ItemStatus>
    </Item>
    <Item>
      <PriceUpdateDate>2018-08-29 08:29</PriceUpdateDate>
      <ItemCode>7296073322979</ItemCode>
      <ItemType>1</ItemType>
      <ItemName>בוטן אמריקאי 50גרם</ItemName>
      <ManufacturerName>ששון ושות'\ )ש.ת. תעשיות</ManufacturerName>
      <ManufactureCountry>IL</ManufactureCountry>
      <ManufacturerItemDescription>בוטן אמריקאי</ManufacturerItemDescription>
      <UnitQty>גרמים</UnitQty>
      <Quantity>50.00</Quantity>
      <bIsWeighted>0</bIsWeighted>
      <UnitOfMeasure>100 גרם</UnitOfMeasure>
      <QtyInPackage>1</QtyInPackage>
      <ItemPrice>2.50</ItemPrice>
      <UnitOfMeasurePrice>5.00</UnitOfMeasurePrice>
      <AllowDiscount>1</AllowDiscount>
      <ItemStatus>1</ItemStatus>
    </Item>
    <Item>
      <PriceUpdateDate>2018-10-26 05:37</PriceUpdateDate>
      <ItemCode>7296073323013</ItemCode>
      <ItemType>1</ItemType>
      <ItemName>תה ארל גריי שופרסל25 שק</ItemName>
      <ManufacturerName>עדנים</ManufacturerName>
      <ManufactureCountry>IL</ManufactureCountry>
      <ManufacturerItemDescription>תה ארל גריי 25שק</ManufacturerItemDescription>
      <UnitQty>גרמים</UnitQty>
      <Quantity>37.00</Quantity>
      <bIsWeighted>0</bIsWeighted>
      <UnitOfMeasure>100 גרם</UnitOfMeasure>
      <QtyInPackage>1</QtyInPackage>
      <ItemPrice>7.50</ItemPrice>
      <UnitOfMeasurePrice>20.27</UnitOfMeasurePrice>
      <AllowDiscount>1</AllowDiscount>
      <ItemStatus>1</ItemStatus>
    </Item>
    <Item>
      <PriceUpdateDate>2020-10-10 22:10</PriceUpdateDate>
      <ItemCode>7296073323044</ItemCode>
      <ItemType>1</ItemType>
      <ItemName>תה ירוק לימונית לואיזה25</ItemName>
      <ManufacturerName>עדנים</ManufacturerName>
      <ManufactureCountry>IL</ManufactureCountry>
      <ManufacturerItemDescription>תה ירוק לימונית</ManufacturerItemDescription>
      <UnitQty>גרמים</UnitQty>
      <Quantity>37.00</Quantity>
      <bIsWeighted>0</bIsWeighted>
      <UnitOfMeasure>100 גרם</UnitOfMeasure>
      <QtyInPackage>1</QtyInPackage>
      <ItemPrice>10.00</ItemPrice>
      <UnitOfMeasurePrice>27.03</UnitOfMeasurePrice>
      <AllowDiscount>1</AllowDiscount>
      <ItemStatus>1</ItemStatus>
    </Item>
    <Item>
      <PriceUpdateDate>2019-02-26 01:03</PriceUpdateDate>
      <ItemCode>7296073323259</ItemCode>
      <ItemType>1</ItemType>
      <ItemName>פיסטוקים קלופים</ItemName>
      <ManufacturerName>---</ManufacturerName>
      <ManufactureCountry>US</ManufactureCountry>
      <ManufacturerItemDescription>פיסטוק קלוף 100ג</ManufacturerItemDescription>
      <UnitQty>גרמים</UnitQty>
      <Quantity>100.00</Quantity>
      <bIsWeighted>0</bIsWeighted>
      <UnitOfMeasure>100 גרם</UnitOfMeasure>
      <QtyInPackage>1</QtyInPackage>
      <ItemPrice>22.90</ItemPrice>
      <UnitOfMeasurePrice>22.90</UnitOfMeasurePrice>
      <AllowDiscount>1</AllowDiscount>
      <ItemStatus>1</ItemStatus>
    </Item>
    <Item>
      <PriceUpdateDate>2018-04-30 10:58</PriceUpdateDate>
      <ItemCode>7296073323877</ItemCode>
      <ItemType>1</ItemType>
      <ItemName>לחמניות מקמח מלא 6יחידות</ItemName>
      <ManufacturerName>מאפית ברמן</ManufacturerName>
      <ManufactureCountry>IL</ManufactureCountry>
      <ManufacturerItemDescription>6לחמניות קמח מלא</ManufacturerItemDescription>
      <UnitQty>גרמים</UnitQty>
      <Quantity>450.00</Quantity>
      <bIsWeighted>0</bIsWeighted>
      <UnitOfMeasure>100 גרם</UnitOfMeasure>
      <QtyInPackage>1</QtyInPackage>
      <ItemPrice>9.90</ItemPrice>
      <UnitOfMeasurePrice>2.20</UnitOfMeasurePrice>
      <AllowDiscount>1</AllowDiscount>
      <ItemStatus>1</ItemStatus>
    </Item>
    <Item>
      <PriceUpdateDate>2018-04-24 12:27</PriceUpdateDate>
      <ItemCode>7296073325062</ItemCode>
      <ItemType>1</ItemType>
      <ItemName>עוגיות רייף שופרסל 350גר</ItemName>
      <ManufacturerName>קונדיטוריית אנג'ל</ManufacturerName>
      <ManufactureCountry>IL</ManufactureCountry>
      <ManufacturerItemDescription>עוגיות רייף</ManufacturerItemDescription>
      <UnitQty>גרמים</UnitQty>
      <Quantity>350.00</Quantity>
      <bIsWeighted>0</bIsWeighted>
      <UnitOfMeasure>100 גרם</UnitOfMeasure>
      <QtyInPackage>1</QtyInPackage>
      <ItemPrice>15.90</ItemPrice>
      <UnitOfMeasurePrice>4.54</UnitOfMeasurePrice>
      <AllowDiscount>1</AllowDiscount>
      <ItemStatus>1</ItemStatus>
    </Item>
    <Item>
      <PriceUpdateDate>2020-06-23 09:24</PriceUpdateDate>
      <ItemCode>7296073327448</ItemCode>
      <ItemType>1</ItemType>
      <ItemName>קמח לבן מנופה זיפר 1קג</ItemName>
      <ManufacturerName>בר רב מפעלי תעשייה והשקע</ManufacturerName>
      <ManufactureCountry>IL</ManufactureCountry>
      <ManufacturerItemDescription>קמח לבן בהיר</ManufacturerItemDescription>
      <UnitQty>קילוגרמים</UnitQty>
      <Quantity>1.00</Quantity>
      <bIsWeighted>0</bIsWeighted>
      <UnitOfMeasure>ק"ג</UnitOfMeasure>
      <QtyInPackage>1</QtyInPackage>
      <ItemPrice>6.90</ItemPrice>
      <UnitOfMeasurePrice>6.90</UnitOfMeasurePrice>
      <AllowDiscount>1</AllowDiscount>
      <ItemStatus>1</ItemStatus>
    </Item>
    <Item>
      <PriceUpdateDate>2019-12-31 12:23</PriceUpdateDate>
      <ItemCode>7296073339564</ItemCode>
      <ItemType>1</ItemType>
      <ItemName>תמל בייבי פרו שלב3 700ג</ItemName>
      <ManufacturerName>---</ManufacturerName>
      <ManufactureCountry>IL</ManufactureCountry>
      <ManufacturerItemDescription>תמ"ל בייבי פרו</ManufacturerItemDescription>
      <UnitQty>גרמים</UnitQty>
      <Quantity>700.00</Quantity>
      <bIsWeighted>0</bIsWeighted>
      <UnitOfMeasure>100 גרם</UnitOfMeasure>
      <QtyInPackage>1</QtyInPackage>
      <ItemPrice>49.90</ItemPrice>
      <UnitOfMeasurePrice>7.13</UnitOfMeasurePrice>
      <AllowDiscount>1</AllowDiscount>
      <ItemStatus>1</ItemStatus>
    </Item>
    <Item>
      <PriceUpdateDate>2020-09-01 08:12</PriceUpdateDate>
      <ItemCode>7296073340751</ItemCode>
      <ItemType>1</ItemType>
      <ItemName>שזיף לב אדום ארוז</ItemName>
      <ManufacturerName>בן דור</ManufacturerName>
      <ManufactureCountry>IL</ManufactureCountry>
      <ManufacturerItemDescription>שזיף לב אדום</ManufacturerItemDescription>
      <UnitQty>קילוגרמים</UnitQty>
      <Quantity>0.00</Quantity>
      <bIsWeighted>1</bIsWeighted>
      <UnitOfMeasure>ק"ג</UnitOfMeasure>
      <QtyInPackage>1</QtyInPackage>
      <ItemPrice>18.90</ItemPrice>
      <UnitOfMeasurePrice>18.90</UnitOfMeasurePrice>
      <AllowDiscount>1</AllowDiscount>
      <ItemStatus>1</ItemStatus>
    </Item>
    <Item>
      <PriceUpdateDate>2018-11-02 05:38</PriceUpdateDate>
      <ItemCode>7296073342120</ItemCode>
      <ItemType>1</ItemType>
      <ItemName>מבחר דגני בוקר לילדים105</ItemName>
      <ManufacturerName>---</ManufacturerName>
      <ManufactureCountry>DE</ManufactureCountry>
      <ManufacturerItemDescription>דגני בוקר לילדים</ManufacturerItemDescription>
      <UnitQty>גרמים</UnitQty>
      <Quantity>105.00</Quantity>
      <bIsWeighted>0</bIsWeighted>
      <UnitOfMeasure>100 גרם</UnitOfMeasure>
      <QtyInPackage>1</QtyInPackage>
      <ItemPrice>9.90</ItemPrice>
      <UnitOfMeasurePrice>9.43</UnitOfMeasurePrice>
      <AllowDiscount>1</AllowDiscount>
      <ItemStatus>1</ItemStatus>
    </Item>
    <Item>
      <PriceUpdateDate>2019-02-26 01:03</PriceUpdateDate>
      <ItemCode>7296073342328</ItemCode>
      <ItemType>1</ItemType>
      <ItemName>שקדים מולבנים פרוסים</ItemName>
      <ManufacturerName>---</ManufacturerName>
      <ManufactureCountry>IL</ManufactureCountry>
      <ManufacturerItemDescription>שקד מולבן פרוס</ManufacturerItemDescription>
      <UnitQty>גרמים</UnitQty>
      <Quantity>100.00</Quantity>
      <bIsWeighted>0</bIsWeighted>
      <UnitOfMeasure>100 גרם</UnitOfMeasure>
      <QtyInPackage>1</QtyInPackage>
      <ItemPrice>12.90</ItemPrice>
      <UnitOfMeasurePrice>12.90</UnitOfMeasurePrice>
      <AllowDiscount>1</AllowDiscount>
      <ItemStatus>1</ItemStatus>
    </Item>
    <Item>
      <PriceUpdateDate>2019-07-03 08:49</PriceUpdateDate>
      <ItemCode>7296073342496</ItemCode>
      <ItemType>1</ItemType>
      <ItemName>דלעת ארוזה</ItemName>
      <ManufacturerName>קטיף.</ManufacturerName>
      <ManufactureCountry>IL</ManufactureCountry>
      <ManufacturerItemDescription>דלעת ארוזה</ManufacturerItemDescription>
      <UnitQty>קילוגרמים</UnitQty>
      <Quantity>0.00</Quantity>
      <bIsWeighted>1</bIsWeighted>
      <UnitOfMeasure>ק"ג</UnitOfMeasure>
      <QtyInPackage>1</QtyInPackage>
      <ItemPrice>9.90</ItemPrice>
      <UnitOfMeasurePrice>9.90</UnitOfMeasurePrice>
      <AllowDiscount>1</AllowDiscount>
      <ItemStatus>1</ItemStatus>
    </Item>
    <Item>
      <PriceUpdateDate>2018-08-17 05:34</PriceUpdateDate>
      <ItemCode>7296073344674</ItemCode>
      <ItemType>1</ItemType>
      <ItemName>תחליב רחצה אביבי 750 מ"ל</ItemName>
      <ManufacturerName>---</ManufacturerName>
      <ManufactureCountry>TR</ManufactureCountry>
      <ManufacturerItemDescription>תחליב רחצה</ManufacturerItemDescription>
      <UnitQty>מיליליטרים</UnitQty>
      <Quantity>750.00</Quantity>
      <bIsWeighted>0</bIsWeighted>
      <UnitOfMeasure>100 מ"ל</UnitOfMeasure>
      <QtyInPackage>1</QtyInPackage>
      <ItemPrice>12.90</ItemPrice>
      <UnitOfMeasurePrice>1.72</UnitOfMeasurePrice>
      <AllowDiscount>1</AllowDiscount>
      <ItemStatus>1</ItemStatus>
    </Item>
    <Item>
      <PriceUpdateDate>2020-10-10 19:00</PriceUpdateDate>
      <ItemCode>7296073344704</ItemCode>
      <ItemType>1</ItemType>
      <ItemName>עוגיות חמאה שופרסל 200 ג</ItemName>
      <ManufacturerName>B.V BERGBANKET</ManufacturerName>
      <ManufactureCountry>NL</ManufactureCountry>
      <ManufacturerItemDescription>עוגיות חמאה</ManufacturerItemDescription>
      <UnitQty>גרמים</UnitQty>
      <Quantity>200.00</Quantity>
      <bIsWeighted>0</bIsWeighted>
      <UnitOfMeasure>100 גרם</UnitOfMeasure>
      <QtyInPackage>1</QtyInPackage>
      <ItemPrice>10.90</ItemPrice>
      <UnitOfMeasurePrice>5.45</UnitOfMeasurePrice>
      <AllowDiscount>1</AllowDiscount>
      <ItemStatus>1</ItemStatus>
    </Item>
    <Item>
      <PriceUpdateDate>2019-05-28 14:16</PriceUpdateDate>
      <ItemCode>7296073344742</ItemCode>
      <ItemType>1</ItemType>
      <ItemName>ספגטי בולונז שופרסל 500</ItemName>
      <ManufacturerName>סי.אי.פי מבוא חורון</ManufacturerName>
      <ManufactureCountry>IL</ManufactureCountry>
      <ManufacturerItemDescription>ספגטי בולונז</ManufacturerItemDescription>
      <UnitQty>גרמים</UnitQty>
      <Quantity>500.00</Quantity>
      <bIsWeighted>0</bIsWeighted>
      <UnitOfMeasure>100 גרם</UnitOfMeasure>
      <QtyInPackage>1</QtyInPackage>
      <ItemPrice>29.90</ItemPrice>
      <UnitOfMeasurePrice>5.98</UnitOfMeasurePrice>
      <AllowDiscount>1</AllowDiscount>
      <ItemStatus>1</ItemStatus>
    </Item>
    <Item>
      <PriceUpdateDate>2018-10-05 05:35</PriceUpdateDate>
      <ItemCode>7296073345091</ItemCode>
      <ItemType>1</ItemType>
      <ItemName>ג'בטות ללא גלוטן 120*3 ג</ItemName>
      <ManufacturerName>גידרון</ManufacturerName>
      <ManufactureCountry>IL</ManufactureCountry>
      <ManufacturerItemDescription>ג'בטה ל.גלוטן3יח</ManufacturerItemDescription>
      <UnitQty>גרמים</UnitQty>
      <Quantity>360.00</Quantity>
      <bIsWeighted>0</bIsWeighted>
      <UnitOfMeasure>100 גרם</UnitOfMeasure>
      <QtyInPackage>1</QtyInPackage>
      <ItemPrice>17.90</ItemPrice>
      <UnitOfMeasurePrice>4.97</UnitOfMeasurePrice>
      <AllowDiscount>1</AllowDiscount>
      <ItemStatus>1</ItemStatus>
    </Item>
    <Item>
      <PriceUpdateDate>2019-06-19 07:59</PriceUpdateDate>
      <ItemCode>7296073345299</ItemCode>
      <ItemType>1</ItemType>
      <ItemName>משחת שיניים מלבינה 100מל</ItemName>
      <ManufacturerName>---</ManufacturerName>
      <ManufactureCountry>BG</ManufactureCountry>
      <ManufacturerItemDescription>משחת שיניים</ManufacturerItemDescription>
      <UnitQty>מיליליטרים</UnitQty>
      <Quantity>100.00</Quantity>
      <bIsWeighted>0</bIsWeighted>
      <UnitOfMeasure>100 מ"ל</UnitOfMeasure>
      <QtyInPackage>1</QtyInPackage>
      <ItemPrice>10.90</ItemPrice>
      <UnitOfMeasurePrice>10.90</UnitOfMeasurePrice>
      <AllowDiscount>1</AllowDiscount>
      <ItemStatus>1</ItemStatus>
    </Item>
    <Item>
      <PriceUpdateDate>2019-10-22 07:25</PriceUpdateDate>
      <ItemCode>7296073345732</ItemCode>
      <ItemType>1</ItemType>
      <ItemName>טופו אורגני גרין 300 גרם</ItemName>
      <ManufacturerName>כפרי בריא משק ויילר</ManufacturerName>
      <ManufactureCountry>IL</ManufactureCountry>
      <ManufacturerItemDescription>טופו אורגני</ManufacturerItemDescription>
      <UnitQty>גרמים</UnitQty>
      <Quantity>300.00</Quantity>
      <bIsWeighted>0</bIsWeighted>
      <UnitOfMeasure>100 גרם</UnitOfMeasure>
      <QtyInPackage>1</QtyInPackage>
      <ItemPrice>12.90</ItemPrice>
      <UnitOfMeasurePrice>4.30</UnitOfMeasurePrice>
      <AllowDiscount>1</AllowDiscount>
      <ItemStatus>1</ItemStatus>
    </Item>
    <Item>
      <PriceUpdateDate>2019-04-05 05:34</PriceUpdateDate>
      <ItemCode>7296073345787</ItemCode>
      <ItemType>1</ItemType>
      <ItemName>בייגלה שמיניות מלוח200ג</ItemName>
      <ManufacturerName>---</ManufacturerName>
      <ManufactureCountry>IL</ManufactureCountry>
      <ManufacturerItemDescription>בייגלה שמיניות</ManufacturerItemDescription>
      <UnitQty>גרמים</UnitQty>
      <Quantity>200.00</Quantity>
      <bIsWeighted>0</bIsWeighted>
      <UnitOfMeasure>100 גרם</UnitOfMeasure>
      <QtyInPackage>1</QtyInPackage>
      <ItemPrice>4.90</ItemPrice>
      <UnitOfMeasurePrice>2.45</UnitOfMeasurePrice>
      <AllowDiscount>1</AllowDiscount>
      <ItemStatus>1</ItemStatus>
    </Item>
    <Item>
      <PriceUpdateDate>2019-04-05 05:34</PriceUpdateDate>
      <ItemCode>7296073345794</ItemCode>
      <ItemType>1</ItemType>
      <ItemName>בייגלה אצבעות שומשום200ג</ItemName>
      <ManufacturerName>---</ManufacturerName>
      <ManufactureCountry>IL</ManufactureCountry>
      <ManufacturerItemDescription>בייגלה אצבעות</ManufacturerItemDescription>
      <UnitQty>גרמים</UnitQty>
      <Quantity>200.00</Quantity>
      <bIsWeighted>0</bIsWeighted>
      <UnitOfMeasure>100 גרם</UnitOfMeasure>
      <QtyInPackage>1</QtyInPackage>
      <ItemPrice>4.90</ItemPrice>
      <UnitOfMeasurePrice>2.45</UnitOfMeasurePrice>
      <AllowDiscount>1</AllowDiscount>
      <ItemStatus>1</ItemStatus>
    </Item>
    <Item>
      <PriceUpdateDate>2019-04-05 05:34</PriceUpdateDate>
      <ItemCode>7296073345817</ItemCode>
      <ItemType>1</ItemType>
      <ItemName>בייגלה שטוח שומשום 200גר</ItemName>
      <ManufacturerName>---</ManufacturerName>
      <ManufactureCountry>IL</ManufactureCountry>
      <ManufacturerItemDescription>בייגלה שטוח</ManufacturerItemDescription>
      <UnitQty>גרמים</UnitQty>
      <Quantity>200.00</Quantity>
      <bIsWeighted>0</bIsWeighted>
      <UnitOfMeasure>100 גרם</UnitOfMeasure>
      <QtyInPackage>1</QtyInPackage>
      <ItemPrice>4.90</ItemPrice>
      <UnitOfMeasurePrice>2.45</UnitOfMeasurePrice>
      <AllowDiscount>1</AllowDiscount>
      <ItemStatus>1</ItemStatus>
    </Item>
    <Item>
      <PriceUpdateDate>2018-10-05 05:35</PriceUpdateDate>
      <ItemCode>7296073346333</ItemCode>
      <ItemType>1</ItemType>
      <ItemName>עוגות אישיות קרם חלב350ג</ItemName>
      <ManufacturerName>קסליני</ManufacturerName>
      <ManufactureCountry>IT</ManufactureCountry>
      <ManufacturerItemDescription>עוגות אישיות</ManufacturerItemDescription>
      <UnitQty>גרמים</UnitQty>
      <Quantity>350.00</Quantity>
      <bIsWeighted>0</bIsWeighted>
      <UnitOfMeasure>100 גרם</UnitOfMeasure>
      <QtyInPackage>1</QtyInPackage>
      <ItemPrice>14.90</ItemPrice>
      <UnitOfMeasurePrice>4.26</UnitOfMeasurePrice>
      <AllowDiscount>1</AllowDiscount>
      <ItemStatus>1</ItemStatus>
    </Item>
    <Item>
      <PriceUpdateDate>2018-10-05 05:35</PriceUpdateDate>
      <ItemCode>7296073346340</ItemCode>
      <ItemType>1</ItemType>
      <ItemName>עוגות אישיות קרם שוקו350</ItemName>
      <ManufacturerName>קסליני</ManufacturerName>
      <ManufactureCountry>IT</ManufactureCountry>
      <ManufacturerItemDescription>עוגות אישיות</ManufacturerItemDescription>
      <UnitQty>גרמים</UnitQty>
      <Quantity>350.00</Quantity>
      <bIsWeighted>0</bIsWeighted>
      <UnitOfMeasure>100 גרם</UnitOfMeasure>
      <QtyInPackage>1</QtyInPackage>
      <ItemPrice>14.90</ItemPrice>
      <UnitOfMeasurePrice>4.26</UnitOfMeasurePrice>
      <AllowDiscount>1</AllowDiscount>
      <ItemStatus>1</ItemStatus>
    </Item>
    <Item>
      <PriceUpdateDate>2018-12-14 05:36</PriceUpdateDate>
      <ItemCode>7296073347323</ItemCode>
      <ItemType>1</ItemType>
      <ItemName>גרנולה שוקולד פקאן 50 גר</ItemName>
      <ManufacturerName>---</ManufacturerName>
      <ManufactureCountry>PL</ManufactureCountry>
      <ManufacturerItemDescription>גרנולה שוקולד</ManufacturerItemDescription>
      <UnitQty>גרמים</UnitQty>
      <Quantity>50.00</Quantity>
      <bIsWeighted>0</bIsWeighted>
      <UnitOfMeasure>100 גרם</UnitOfMeasure>
      <QtyInPackage>1</QtyInPackage>
      <ItemPrice>4.90</ItemPrice>
      <UnitOfMeasurePrice>9.80</UnitOfMeasurePrice>
      <AllowDiscount>1</AllowDiscount>
      <ItemStatus>1</ItemStatus>
    </Item>
    <Item>
      <PriceUpdateDate>2018-10-26 05:37</PriceUpdateDate>
      <ItemCode>7296073347385</ItemCode>
      <ItemType>1</ItemType>
      <ItemName>ברנפלקס אגוזים ומייפל375</ItemName>
      <ManufacturerName>---</ManufacturerName>
      <ManufactureCountry>DE</ManufactureCountry>
      <ManufacturerItemDescription>ברנפלקס אגוזים</ManufacturerItemDescription>
      <UnitQty>גרמים</UnitQty>
      <Quantity>375.00</Quantity>
      <bIsWeighted>0</bIsWeighted>
      <UnitOfMeasure>100 גרם</UnitOfMeasure>
      <QtyInPackage>1</QtyInPackage>
      <ItemPrice>17.90</ItemPrice>
      <UnitOfMeasurePrice>4.77</UnitOfMeasurePrice>
      <AllowDiscount>1</AllowDiscount>
      <ItemStatus>1</ItemStatus>
    </Item>
    <Item>
      <PriceUpdateDate>2019-04-02 11:26</PriceUpdateDate>
      <ItemCode>7296073347453</ItemCode>
      <ItemType>1</ItemType>
      <ItemName>פטרוזליה יחידה</ItemName>
      <ManufacturerName>תנובות לכיש</ManufacturerName>
      <ManufactureCountry>IL</ManufactureCountry>
      <ManufacturerItemDescription>פטרוזליה</ManufacturerItemDescription>
      <UnitQty>יחידה</UnitQty>
      <Quantity>1.00</Quantity>
      <bIsWeighted>0</bIsWeighted>
      <UnitOfMeasure>יחידה</UnitOfMeasure>
      <QtyInPackage>1</QtyInPackage>
      <ItemPrice>4.90</ItemPrice>
      <UnitOfMeasurePrice>4.90</UnitOfMeasurePrice>
      <AllowDiscount>1</AllowDiscount>
      <ItemStatus>1</ItemStatus>
    </Item>
    <Item>
      <PriceUpdateDate>2019-04-02 11:26</PriceUpdateDate>
      <ItemCode>7296073347460</ItemCode>
      <ItemType>1</ItemType>
      <ItemName>שמיר יחידה</ItemName>
      <ManufacturerName>תנובות לכיש</ManufacturerName>
      <ManufactureCountry>IL</ManufactureCountry>
      <ManufacturerItemDescription>שמיר</ManufacturerItemDescription>
      <UnitQty>יחידה</UnitQty>
      <Quantity>1.00</Quantity>
      <bIsWeighted>0</bIsWeighted>
      <UnitOfMeasure>יחידה</UnitOfMeasure>
      <QtyInPackage>1</QtyInPackage>
      <ItemPrice>4.90</ItemPrice>
      <UnitOfMeasurePrice>4.90</UnitOfMeasurePrice>
      <AllowDiscount>1</AllowDiscount>
      <ItemStatus>1</ItemStatus>
    </Item>
    <Item>
      <PriceUpdateDate>2019-04-02 11:26</PriceUpdateDate>
      <ItemCode>7296073347477</ItemCode>
      <ItemType>1</ItemType>
      <ItemName>כוסברה</ItemName>
      <ManufacturerName>תנובות לכיש</ManufacturerName>
      <ManufactureCountry>IL</ManufactureCountry>
      <ManufacturerItemDescription>כוסברה</ManufacturerItemDescription>
      <UnitQty>יחידה</UnitQty>
      <Quantity>1.00</Quantity>
      <bIsWeighted>0</bIsWeighted>
      <UnitOfMeasure>יחידה</UnitOfMeasure>
      <QtyInPackage>1</QtyInPackage>
      <ItemPrice>4.90</ItemPrice>
      <UnitOfMeasurePrice>4.90</UnitOfMeasurePrice>
      <AllowDiscount>1</AllowDiscount>
      <ItemStatus>1</ItemStatus>
    </Item>
    <Item>
      <PriceUpdateDate>2019-04-02 11:26</PriceUpdateDate>
      <ItemCode>7296073347484</ItemCode>
      <ItemType>1</ItemType>
      <ItemName>נענע</ItemName>
      <ManufacturerName>תנובות לכיש</ManufacturerName>
      <ManufactureCountry>IL</ManufactureCountry>
      <ManufacturerItemDescription>נענע</ManufacturerItemDescription>
      <UnitQty>יחידה</UnitQty>
      <Quantity>1.00</Quantity>
      <bIsWeighted>0</bIsWeighted>
      <UnitOfMeasure>יחידה</UnitOfMeasure>
      <QtyInPackage>1</QtyInPackage>
      <ItemPrice>4.90</ItemPrice>
      <UnitOfMeasurePrice>4.90</UnitOfMeasurePrice>
      <AllowDiscount>1</AllowDiscount>
      <ItemStatus>1</ItemStatus>
    </Item>
    <Item>
      <PriceUpdateDate>2019-12-16 13:40</PriceUpdateDate>
      <ItemCode>7296073347958</ItemCode>
      <ItemType>1</ItemType>
      <ItemName>מיקס אנרגיה 250גרם</ItemName>
      <ManufacturerName>---</ManufacturerName>
      <ManufactureCountry>IL</ManufactureCountry>
      <ManufacturerItemDescription>מיקס אנרגיה</ManufacturerItemDescription>
      <UnitQty>גרמים</UnitQty>
      <Quantity>250.00</Quantity>
      <bIsWeighted>0</bIsWeighted>
      <UnitOfMeasure>100 גרם</UnitOfMeasure>
      <QtyInPackage>1</QtyInPackage>
      <ItemPrice>19.90</ItemPrice>
      <UnitOfMeasurePrice>7.96</UnitOfMeasurePrice>
      <AllowDiscount>1</AllowDiscount>
      <ItemStatus>1</ItemStatus>
    </Item>
    <Item>
      <PriceUpdateDate>2019-12-16 13:40</PriceUpdateDate>
      <ItemCode>7296073347965</ItemCode>
      <ItemType>1</ItemType>
      <ItemName>מיקס פירות טרופים 250גרם</ItemName>
      <ManufacturerName>---</ManufacturerName>
      <ManufactureCountry>IL</ManufactureCountry>
      <ManufacturerItemDescription>מיקס פ.טרופיים</ManufacturerItemDescription>
      <UnitQty>גרמים</UnitQty>
      <Quantity>250.00</Quantity>
      <bIsWeighted>0</bIsWeighted>
      <UnitOfMeasure>100 גרם</UnitOfMeasure>
      <QtyInPackage>1</QtyInPackage>
      <ItemPrice>19.90</ItemPrice>
      <UnitOfMeasurePrice>7.96</UnitOfMeasurePrice>
      <AllowDiscount>1</AllowDiscount>
      <ItemStatus>1</ItemStatus>
    </Item>
    <Item>
      <PriceUpdateDate>2019-12-16 13:40</PriceUpdateDate>
      <ItemCode>7296073347972</ItemCode>
      <ItemType>1</ItemType>
      <ItemName>מיקס שחיתות 250גרם</ItemName>
      <ManufacturerName>---</ManufacturerName>
      <ManufactureCountry>IL</ManufactureCountry>
      <ManufacturerItemDescription>מיקס שחיתות</ManufacturerItemDescription>
      <UnitQty>גרמים</UnitQty>
      <Quantity>250.00</Quantity>
      <bIsWeighted>0</bIsWeighted>
      <UnitOfMeasure>100 גרם</UnitOfMeasure>
      <QtyInPackage>1</QtyInPackage>
      <ItemPrice>19.90</ItemPrice>
      <UnitOfMeasurePrice>7.96</UnitOfMeasurePrice>
      <AllowDiscount>1</AllowDiscount>
      <ItemStatus>1</ItemStatus>
    </Item>
    <Item>
      <PriceUpdateDate>2019-12-16 13:40</PriceUpdateDate>
      <ItemCode>7296073347989</ItemCode>
      <ItemType>1</ItemType>
      <ItemName>מיקס מתוק 250גרם</ItemName>
      <ManufacturerName>שקדיה</ManufacturerName>
      <ManufactureCountry>IL</ManufactureCountry>
      <ManufacturerItemDescription>מיקס מתוק</ManufacturerItemDescription>
      <UnitQty>גרמים</UnitQty>
      <Quantity>250.00</Quantity>
      <bIsWeighted>0</bIsWeighted>
      <UnitOfMeasure>100 גרם</UnitOfMeasure>
      <QtyInPackage>1</QtyInPackage>
      <ItemPrice>19.90</ItemPrice>
      <UnitOfMeasurePrice>7.96</UnitOfMeasurePrice>
      <AllowDiscount>1</AllowDiscount>
      <ItemStatus>1</ItemStatus>
    </Item>
    <Item>
      <PriceUpdateDate>2019-01-25 05:36</PriceUpdateDate>
      <ItemCode>7296073352839</ItemCode>
      <ItemType>1</ItemType>
      <ItemName>מפיות חד שכבתי 100 יחידו</ItemName>
      <ManufacturerName>כללי</ManufacturerName>
      <ManufactureCountry>IL</ManufactureCountry>
      <ManufacturerItemDescription>מפיות</ManufacturerItemDescription>
      <UnitQty>יחידה</UnitQty>
      <Quantity>1.00</Quantity>
      <bIsWeighted>0</bIsWeighted>
      <UnitOfMeasure>יחידה</UnitOfMeasure>
      <QtyInPackage>1</QtyInPackage>
      <ItemPrice>6.90</ItemPrice>
      <UnitOfMeasurePrice>6.90</UnitOfMeasurePrice>
      <AllowDiscount>1</AllowDiscount>
      <ItemStatus>1</ItemStatus>
    </Item>
    <Item>
      <PriceUpdateDate>2019-05-22 08:26</PriceUpdateDate>
      <ItemCode>7296073352914</ItemCode>
      <ItemType>1</ItemType>
      <ItemName>חט.בראוניז שוק.ציפס25*5ג</ItemName>
      <ManufacturerName>---</ManufacturerName>
      <ManufactureCountry>CA</ManufactureCountry>
      <ManufacturerItemDescription>חטיפי בראוניז5יח</ManufacturerItemDescription>
      <UnitQty>גרמים</UnitQty>
      <Quantity>125.00</Quantity>
      <bIsWeighted>0</bIsWeighted>
      <UnitOfMeasure>100 גרם</UnitOfMeasure>
      <QtyInPackage>1</QtyInPackage>
      <ItemPrice>15.90</ItemPrice>
      <UnitOfMeasurePrice>12.72</UnitOfMeasurePrice>
      <AllowDiscount>1</AllowDiscount>
      <ItemStatus>1</ItemStatus>
    </Item>
    <Item>
      <PriceUpdateDate>2020-10-10 19:00</PriceUpdateDate>
      <ItemCode>7296073359876</ItemCode>
      <ItemType>1</ItemType>
      <ItemName>עוג.פרפריות ט.שוקולד500ג</ItemName>
      <ManufacturerName>---</ManufacturerName>
      <ManufactureCountry>IL</ManufactureCountry>
      <ManufacturerItemDescription>עוגיות פרפריות</ManufacturerItemDescription>
      <UnitQty>גרמים</UnitQty>
      <Quantity>500.00</Quantity>
      <bIsWeighted>0</bIsWeighted>
      <UnitOfMeasure>100 גרם</UnitOfMeasure>
      <QtyInPackage>1</QtyInPackage>
      <ItemPrice>12.90</ItemPrice>
      <UnitOfMeasurePrice>2.58</UnitOfMeasurePrice>
      <AllowDiscount>1</AllowDiscount>
      <ItemStatus>1</ItemStatus>
    </Item>
    <Item>
      <PriceUpdateDate>2020-10-10 19:00</PriceUpdateDate>
      <ItemCode>7296073359883</ItemCode>
      <ItemType>1</ItemType>
      <ItemName>עוגיות פרפריות 500 גרם</ItemName>
      <ManufacturerName>---</ManufacturerName>
      <ManufactureCountry>IL</ManufactureCountry>
      <ManufacturerItemDescription>עוגיות פרפריות</ManufacturerItemDescription>
      <UnitQty>גרמים</UnitQty>
      <Quantity>500.00</Quantity>
      <bIsWeighted>0</bIsWeighted>
      <UnitOfMeasure>100 גרם</UnitOfMeasure>
      <QtyInPackage>1</QtyInPackage>
      <ItemPrice>12.90</ItemPrice>
      <UnitOfMeasurePrice>2.58</UnitOfMeasurePrice>
      <AllowDiscount>1</AllowDiscount>
      <ItemStatus>1</ItemStatus>
    </Item>
    <Item>
      <PriceUpdateDate>2020-10-10 19:00</PriceUpdateDate>
      <ItemCode>7296073359920</ItemCode>
      <ItemType>1</ItemType>
      <ItemName>עוגיות שוקוצ'יפס 500 גרם</ItemName>
      <ManufacturerName>---</ManufacturerName>
      <ManufactureCountry>IL</ManufactureCountry>
      <ManufacturerItemDescription>עוגיות שוקוצ'יפס</ManufacturerItemDescription>
      <UnitQty>גרמים</UnitQty>
      <Quantity>500.00</Quantity>
      <bIsWeighted>0</bIsWeighted>
      <UnitOfMeasure>100 גרם</UnitOfMeasure>
      <QtyInPackage>1</QtyInPackage>
      <ItemPrice>12.90</ItemPrice>
      <UnitOfMeasurePrice>2.58</UnitOfMeasurePrice>
      <AllowDiscount>1</AllowDiscount>
      <ItemStatus>1</ItemStatus>
    </Item>
    <Item>
      <PriceUpdateDate>2020-10-10 19:00</PriceUpdateDate>
      <ItemCode>7296073359937</ItemCode>
      <ItemType>1</ItemType>
      <ItemName>עוגיות מעמול תמרים 500גר</ItemName>
      <ManufacturerName>---</ManufacturerName>
      <ManufactureCountry>IL</ManufactureCountry>
      <ManufacturerItemDescription>עוגיות מעמול תמר</ManufacturerItemDescription>
      <UnitQty>גרמים</UnitQty>
      <Quantity>500.00</Quantity>
      <bIsWeighted>0</bIsWeighted>
      <UnitOfMeasure>100 גרם</UnitOfMeasure>
      <QtyInPackage>1</QtyInPackage>
      <ItemPrice>12.90</ItemPrice>
      <UnitOfMeasurePrice>2.58</UnitOfMeasurePrice>
      <AllowDiscount>1</AllowDiscount>
      <ItemStatus>1</ItemStatus>
    </Item>
    <Item>
      <PriceUpdateDate>2019-01-04 05:35</PriceUpdateDate>
      <ItemCode>7296073362111</ItemCode>
      <ItemType>1</ItemType>
      <ItemName>פטוצ'יני מצונן 300 גרם</ItemName>
      <ManufacturerName>---</ManufacturerName>
      <ManufactureCountry>IL</ManufactureCountry>
      <ManufacturerItemDescription>פטוצ'יני מצונן</ManufacturerItemDescription>
      <UnitQty>גרמים</UnitQty>
      <Quantity>300.00</Quantity>
      <bIsWeighted>0</bIsWeighted>
      <UnitOfMeasure>100 גרם</UnitOfMeasure>
      <QtyInPackage>1</QtyInPackage>
      <ItemPrice>9.90</ItemPrice>
      <UnitOfMeasurePrice>3.30</UnitOfMeasurePrice>
      <AllowDiscount>1</AllowDiscount>
      <ItemStatus>1</ItemStatus>
    </Item>
    <Item>
      <PriceUpdateDate>2018-12-28 05:36</PriceUpdateDate>
      <ItemCode>7296073362630</ItemCode>
      <ItemType>1</ItemType>
      <ItemName>אקונומיקה מבושמת 4 ליטר</ItemName>
      <ManufacturerName>---</ManufacturerName>
      <ManufactureCountry>IL</ManufactureCountry>
      <ManufacturerItemDescription>אקונומיקה מבושמת</ManufacturerItemDescription>
      <UnitQty>ליטרים</UnitQty>
      <Quantity>4.00</Quantity>
      <bIsWeighted>0</bIsWeighted>
      <UnitOfMeasure>ליטר</UnitOfMeasure>
      <QtyInPackage>1</QtyInPackage>
      <ItemPrice>13.90</ItemPrice>
      <UnitOfMeasurePrice>3.48</UnitOfMeasurePrice>
      <AllowDiscount>1</AllowDiscount>
      <ItemStatus>1</ItemStatus>
    </Item>
    <Item>
      <PriceUpdateDate>2018-12-28 05:36</PriceUpdateDate>
      <ItemCode>7296073362647</ItemCode>
      <ItemType>1</ItemType>
      <ItemName>אקונומיקה סמיכה שופרסל4ל</ItemName>
      <ManufacturerName>---</ManufacturerName>
      <ManufactureCountry>IL</ManufactureCountry>
      <ManufacturerItemDescription>אקונומיקה סמיכה</ManufacturerItemDescription>
      <UnitQty>ליטרים</UnitQty>
      <Quantity>4.00</Quantity>
      <bIsWeighted>0</bIsWeighted>
      <UnitOfMeasure>ליטר</UnitOfMeasure>
      <QtyInPackage>1</QtyInPackage>
      <ItemPrice>13.90</ItemPrice>
      <UnitOfMeasurePrice>3.48</UnitOfMeasurePrice>
      <AllowDiscount>1</AllowDiscount>
      <ItemStatus>1</ItemStatus>
    </Item>
    <Item>
      <PriceUpdateDate>2019-05-16 09:11</PriceUpdateDate>
      <ItemCode>7296073362746</ItemCode>
      <ItemType>1</ItemType>
      <ItemName>חמאת בוטנים שב.בוטנים510</ItemName>
      <ManufacturerName>---</ManufacturerName>
      <ManufactureCountry>IN</ManufactureCountry>
      <ManufacturerItemDescription>חמאת בוטנים</ManufacturerItemDescription>
      <UnitQty>גרמים</UnitQty>
      <Quantity>510.00</Quantity>
      <bIsWeighted>0</bIsWeighted>
      <UnitOfMeasure>100 גרם</UnitOfMeasure>
      <QtyInPackage>1</QtyInPackage>
      <ItemPrice>14.90</ItemPrice>
      <UnitOfMeasurePrice>2.92</UnitOfMeasurePrice>
      <AllowDiscount>1</AllowDiscount>
      <ItemStatus>1</ItemStatus>
    </Item>
    <Item>
      <PriceUpdateDate>2019-04-02 11:26</PriceUpdateDate>
      <ItemCode>7296073362777</ItemCode>
      <ItemType>1</ItemType>
      <ItemName>סלרי עלים</ItemName>
      <ManufacturerName>תנובות לכיש</ManufacturerName>
      <ManufactureCountry>IL</ManufactureCountry>
      <ManufacturerItemDescription>סלרי עלים</ManufacturerItemDescription>
      <UnitQty>יחידה</UnitQty>
      <Quantity>1.00</Quantity>
      <bIsWeighted>0</bIsWeighted>
      <UnitOfMeasure>יחידה</UnitOfMeasure>
      <QtyInPackage>1</QtyInPackage>
      <ItemPrice>6.90</ItemPrice>
      <UnitOfMeasurePrice>6.90</UnitOfMeasurePrice>
      <AllowDiscount>1</AllowDiscount>
      <ItemStatus>1</ItemStatus>
    </Item>
    <Item>
      <PriceUpdateDate>2019-04-02 11:26</PriceUpdateDate>
      <ItemCode>7296073362814</ItemCode>
      <ItemType>1</ItemType>
      <ItemName>בצל ירוק</ItemName>
      <ManufacturerName>תנובות לכיש</ManufacturerName>
      <ManufactureCountry>IL</ManufactureCountry>
      <ManufacturerItemDescription>בצל ירוק</ManufacturerItemDescription>
      <UnitQty>יחידה</UnitQty>
      <Quantity>1.00</Quantity>
      <bIsWeighted>0</bIsWeighted>
      <UnitOfMeasure>יחידה</UnitOfMeasure>
      <QtyInPackage>1</QtyInPackage>
      <ItemPrice>5.90</ItemPrice>
      <UnitOfMeasurePrice>5.90</UnitOfMeasurePrice>
      <AllowDiscount>1</AllowDiscount>
      <ItemStatus>1</ItemStatus>
    </Item>
    <Item>
      <PriceUpdateDate>2019-05-31 05:35</PriceUpdateDate>
      <ItemCode>7296073362944</ItemCode>
      <ItemType>1</ItemType>
      <ItemName>אבקת אפיה שופרסל10*10יח</ItemName>
      <ManufacturerName>---</ManufacturerName>
      <ManufactureCountry>IL</ManufactureCountry>
      <ManufacturerItemDescription>אבקת אפיה</ManufacturerItemDescription>
      <UnitQty>גרמים</UnitQty>
      <Quantity>100.00</Quantity>
      <bIsWeighted>0</bIsWeighted>
      <UnitOfMeasure>100 גרם</UnitOfMeasure>
      <QtyInPackage>1</QtyInPackage>
      <ItemPrice>3.10</ItemPrice>
      <UnitOfMeasurePrice>3.10</UnitOfMeasurePrice>
      <AllowDiscount>1</AllowDiscount>
      <ItemStatus>1</ItemStatus>
    </Item>
    <Item>
      <PriceUpdateDate>2019-05-31 05:35</PriceUpdateDate>
      <ItemCode>7296073362951</ItemCode>
      <ItemType>1</ItemType>
      <ItemName>סוכר וניל שופרסל 10*10גר</ItemName>
      <ManufacturerName>י. כהן בע"\מ</ManufacturerName>
      <ManufactureCountry>IL</ManufactureCountry>
      <ManufacturerItemDescription>סוכר וניל  10 יח</ManufacturerItemDescription>
      <UnitQty>גרמים</UnitQty>
      <Quantity>100.00</Quantity>
      <bIsWeighted>0</bIsWeighted>
      <UnitOfMeasure>100 גרם</UnitOfMeasure>
      <QtyInPackage>1</QtyInPackage>
      <ItemPrice>3.30</ItemPrice>
      <UnitOfMeasurePrice>3.30</UnitOfMeasurePrice>
      <AllowDiscount>1</AllowDiscount>
      <ItemStatus>1</ItemStatus>
    </Item>
    <Item>
      <PriceUpdateDate>2020-05-08 05:36</PriceUpdateDate>
      <ItemCode>7296073363989</ItemCode>
      <ItemType>1</ItemType>
      <ItemName>BE סכינים חד"פ לאישה</ItemName>
      <ManufacturerName>---</ManufacturerName>
      <ManufactureCountry>US</ManufactureCountry>
      <ManufacturerItemDescription>BE סכינים חד"פ נ</ManufacturerItemDescription>
      <UnitQty>יחידה</UnitQty>
      <Quantity>1.00</Quantity>
      <bIsWeighted>0</bIsWeighted>
      <UnitOfMeasure>יחידה</UnitOfMeasure>
      <QtyInPackage>1</QtyInPackage>
      <ItemPrice>12.90</ItemPrice>
      <UnitOfMeasurePrice>12.90</UnitOfMeasurePrice>
      <AllowDiscount>1</AllowDiscount>
      <ItemStatus>1</ItemStatus>
    </Item>
    <Item>
      <PriceUpdateDate>2019-02-01 05:35</PriceUpdateDate>
      <ItemCode>7296073364375</ItemCode>
      <ItemType>1</ItemType>
      <ItemName>חיטה זיפר שופרסל 500 גרם</ItemName>
      <ManufacturerName>מיה</ManufacturerName>
      <ManufactureCountry>IL</ManufactureCountry>
      <ManufacturerItemDescription>חיטה</ManufacturerItemDescription>
      <UnitQty>גרמים</UnitQty>
      <Quantity>500.00</Quantity>
      <bIsWeighted>0</bIsWeighted>
      <UnitOfMeasure>100 גרם</UnitOfMeasure>
      <QtyInPackage>1</QtyInPackage>
      <ItemPrice>5.90</ItemPrice>
      <UnitOfMeasurePrice>1.18</UnitOfMeasurePrice>
      <AllowDiscount>1</AllowDiscount>
      <ItemStatus>1</ItemStatus>
    </Item>
    <Item>
      <PriceUpdateDate>2020-01-10 05:39</PriceUpdateDate>
      <ItemCode>7296073364399</ItemCode>
      <ItemType>1</ItemType>
      <ItemName>עדשים ירוקות זיפר 500גרם</ItemName>
      <ManufacturerName>---</ManufacturerName>
      <ManufactureCountry>IL</ManufactureCountry>
      <ManufacturerItemDescription>עדשים ירוקות</ManufacturerItemDescription>
      <UnitQty>גרמים</UnitQty>
      <Quantity>500.00</Quantity>
      <bIsWeighted>0</bIsWeighted>
      <UnitOfMeasure>100 גרם</UnitOfMeasure>
      <QtyInPackage>1</QtyInPackage>
      <ItemPrice>6.50</ItemPrice>
      <UnitOfMeasurePrice>1.30</UnitOfMeasurePrice>
      <AllowDiscount>1</AllowDiscount>
      <ItemStatus>1</ItemStatus>
    </Item>
    <Item>
      <PriceUpdateDate>2019-02-01 05:35</PriceUpdateDate>
      <ItemCode>7296073364429</ItemCode>
      <ItemType>1</ItemType>
      <ItemName>שעועית לבנה זיפר 500 גרם</ItemName>
      <ManufacturerName>---</ManufacturerName>
      <ManufactureCountry>IL</ManufactureCountry>
      <ManufacturerItemDescription>שעועית לבנה</ManufacturerItemDescription>
      <UnitQty>גרמים</UnitQty>
      <Quantity>500.00</Quantity>
      <bIsWeighted>0</bIsWeighted>
      <UnitOfMeasure>100 גרם</UnitOfMeasure>
      <QtyInPackage>1</QtyInPackage>
      <ItemPrice>10.80</ItemPrice>
      <UnitOfMeasurePrice>2.16</UnitOfMeasurePrice>
      <AllowDiscount>1</AllowDiscount>
      <ItemStatus>1</ItemStatus>
    </Item>
    <Item>
      <PriceUpdateDate>2019-02-01 05:35</PriceUpdateDate>
      <ItemCode>7296073364467</ItemCode>
      <ItemType>1</ItemType>
      <ItemName>שעועית מעורבת זיפר 500גר</ItemName>
      <ManufacturerName>---</ManufacturerName>
      <ManufactureCountry>IL</ManufactureCountry>
      <ManufacturerItemDescription>שעועית מעורבת</ManufacturerItemDescription>
      <UnitQty>גרמים</UnitQty>
      <Quantity>500.00</Quantity>
      <bIsWeighted>0</bIsWeighted>
      <UnitOfMeasure>100 גרם</UnitOfMeasure>
      <QtyInPackage>1</QtyInPackage>
      <ItemPrice>14.80</ItemPrice>
      <UnitOfMeasurePrice>2.96</UnitOfMeasurePrice>
      <AllowDiscount>1</AllowDiscount>
      <ItemStatus>1</ItemStatus>
    </Item>
    <Item>
      <PriceUpdateDate>2019-02-22 05:36</PriceUpdateDate>
      <ItemCode>7296073365341</ItemCode>
      <ItemType>1</ItemType>
      <ItemName>נייר טואלט תלת שכבתי32גל</ItemName>
      <ManufacturerName>שניב תעשיות נייר</ManufacturerName>
      <ManufactureCountry>IL</ManufactureCountry>
      <ManufacturerItemDescription>נייר טואלט 32 גל</ManufacturerItemDescription>
      <UnitQty>מטרים</UnitQty>
      <Quantity>523.00</Quantity>
      <bIsWeighted>0</bIsWeighted>
      <UnitOfMeasure>100 מטר</UnitOfMeasure>
      <QtyInPackage>1</QtyInPackage>
      <ItemPrice>39.90</ItemPrice>
      <UnitOfMeasurePrice>7.63</UnitOfMeasurePrice>
      <AllowDiscount>1</AllowDiscount>
      <ItemStatus>1</ItemStatus>
    </Item>
    <Item>
      <PriceUpdateDate>2019-04-11 12:29</PriceUpdateDate>
      <ItemCode>7296073365655</ItemCode>
      <ItemType>1</ItemType>
      <ItemName>חומוס 700 גרם</ItemName>
      <ManufacturerName>---</ManufacturerName>
      <ManufactureCountry>IL</ManufactureCountry>
      <ManufacturerItemDescription>סלט חומוס</ManufacturerItemDescription>
      <UnitQty>גרמים</UnitQty>
      <Quantity>700.00</Quantity>
      <bIsWeighted>0</bIsWeighted>
      <UnitOfMeasure>100 גרם</UnitOfMeasure>
      <QtyInPackage>1</QtyInPackage>
      <ItemPrice>9.90</ItemPrice>
      <UnitOfMeasurePrice>1.41</UnitOfMeasurePrice>
      <AllowDiscount>1</AllowDiscount>
      <ItemStatus>1</ItemStatus>
    </Item>
    <Item>
      <PriceUpdateDate>2019-04-15 01:00</PriceUpdateDate>
      <ItemCode>7296073365747</ItemCode>
      <ItemType>1</ItemType>
      <ItemName>מאגדת מצופים שוקולד 8 יח</ItemName>
      <ManufacturerName>גלידות פלדמן</ManufacturerName>
      <ManufactureCountry>IL</ManufactureCountry>
      <ManufacturerItemDescription>מאגדת מצופים שוק</ManufacturerItemDescription>
      <UnitQty>גרמים</UnitQty>
      <Quantity>560.00</Quantity>
      <bIsWeighted>0</bIsWeighted>
      <UnitOfMeasure>100 גרם</UnitOfMeasure>
      <QtyInPackage>1</QtyInPackage>
      <ItemPrice>18.90</ItemPrice>
      <UnitOfMeasurePrice>3.38</UnitOfMeasurePrice>
      <AllowDiscount>1</AllowDiscount>
      <ItemStatus>1</ItemStatus>
    </Item>
    <Item>
      <PriceUpdateDate>2019-04-15 01:00</PriceUpdateDate>
      <ItemCode>7296073365754</ItemCode>
      <ItemType>1</ItemType>
      <ItemName>מאגדת גביע ופל וניל 260</ItemName>
      <ManufacturerName>גלידות פלדמן</ManufacturerName>
      <ManufactureCountry>IL</ManufactureCountry>
      <ManufacturerItemDescription>מאגדת גביע ופל</ManufacturerItemDescription>
      <UnitQty>גרמים</UnitQty>
      <Quantity>260.00</Quantity>
      <bIsWeighted>0</bIsWeighted>
      <UnitOfMeasure>100 גרם</UnitOfMeasure>
      <QtyInPackage>1</QtyInPackage>
      <ItemPrice>19.90</ItemPrice>
      <UnitOfMeasurePrice>7.65</UnitOfMeasurePrice>
      <AllowDiscount>1</AllowDiscount>
      <ItemStatus>1</ItemStatus>
    </Item>
    <Item>
      <PriceUpdateDate>2019-04-15 01:00</PriceUpdateDate>
      <ItemCode>7296073365792</ItemCode>
      <ItemType>1</ItemType>
      <ItemName>מאגדת מיני בר וניל 5 יח</ItemName>
      <ManufacturerName>גלידות פלדמן</ManufacturerName>
      <ManufactureCountry>IL</ManufactureCountry>
      <ManufacturerItemDescription>מאגדת מיני בר</ManufacturerItemDescription>
      <UnitQty>גרמים</UnitQty>
      <Quantity>300.00</Quantity>
      <bIsWeighted>0</bIsWeighted>
      <UnitOfMeasure>100 גרם</UnitOfMeasure>
      <QtyInPackage>1</QtyInPackage>
      <ItemPrice>24.90</ItemPrice>
      <UnitOfMeasurePrice>8.30</UnitOfMeasurePrice>
      <AllowDiscount>1</AllowDiscount>
      <ItemStatus>1</ItemStatus>
    </Item>
    <Item>
      <PriceUpdateDate>2019-04-15 01:00</PriceUpdateDate>
      <ItemCode>7296073365808</ItemCode>
      <ItemType>1</ItemType>
      <ItemName>מאגדת מיני ברשוקולד 5 יח</ItemName>
      <ManufacturerName>גלידות פלדמן</ManufacturerName>
      <ManufactureCountry>IL</ManufactureCountry>
      <ManufacturerItemDescription>מאגדת מיני בר</ManufacturerItemDescription>
      <UnitQty>גרמים</UnitQty>
      <Quantity>300.00</Quantity>
      <bIsWeighted>0</bIsWeighted>
      <UnitOfMeasure>100 גרם</UnitOfMeasure>
      <QtyInPackage>1</QtyInPackage>
      <ItemPrice>24.90</ItemPrice>
      <UnitOfMeasurePrice>8.30</UnitOfMeasurePrice>
      <AllowDiscount>1</AllowDiscount>
      <ItemStatus>1</ItemStatus>
    </Item>
    <Item>
      <PriceUpdateDate>2019-11-05 10:09</PriceUpdateDate>
      <ItemCode>7296073366348</ItemCode>
      <ItemType>1</ItemType>
      <ItemName>טונה בשמן זית 160*4 גרם</ItemName>
      <ManufacturerName>---</ManufacturerName>
      <ManufactureCountry>TH</ManufactureCountry>
      <ManufacturerItemDescription>טונה בשמן זית4יח</ManufacturerItemDescription>
      <UnitQty>גרמים</UnitQty>
      <Quantity>640.00</Quantity>
      <bIsWeighted>0</bIsWeighted>
      <UnitOfMeasure>100 גרם</UnitOfMeasure>
      <QtyInPackage>1</QtyInPackage>
      <ItemPrice>27.90</ItemPrice>
      <UnitOfMeasurePrice>4.36</UnitOfMeasurePrice>
      <AllowDiscount>1</AllowDiscount>
      <ItemStatus>1</ItemStatus>
    </Item>
    <Item>
      <PriceUpdateDate>2020-10-11 22:20</PriceUpdateDate>
      <ItemCode>7296073366393</ItemCode>
      <ItemType>1</ItemType>
      <ItemName>ממרח חמאה שופרסל 250 גרם</ItemName>
      <ManufacturerName>---</ManufacturerName>
      <ManufactureCountry>IE</ManufactureCountry>
      <ManufacturerItemDescription>ממרח חמאה</ManufacturerItemDescription>
      <UnitQty>גרמים</UnitQty>
      <Quantity>250.00</Quantity>
      <bIsWeighted>0</bIsWeighted>
      <UnitOfMeasure>100 גרם</UnitOfMeasure>
      <QtyInPackage>1</QtyInPackage>
      <ItemPrice>10.00</ItemPrice>
      <UnitOfMeasurePrice>4.00</UnitOfMeasurePrice>
      <AllowDiscount>1</AllowDiscount>
      <ItemStatus>1</ItemStatus>
    </Item>
    <Item>
      <PriceUpdateDate>2020-10-10 18:30</PriceUpdateDate>
      <ItemCode>7296073367017</ItemCode>
      <ItemType>1</ItemType>
      <ItemName>טונה שמן זית 80*3 גרם</ItemName>
      <ManufacturerName>---</ManufacturerName>
      <ManufactureCountry>TH</ManufactureCountry>
      <ManufacturerItemDescription>טונה בשמן זית3יח</ManufacturerItemDescription>
      <UnitQty>גרמים</UnitQty>
      <Quantity>240.00</Quantity>
      <bIsWeighted>0</bIsWeighted>
      <UnitOfMeasure>100 גרם</UnitOfMeasure>
      <QtyInPackage>1</QtyInPackage>
      <ItemPrice>10.90</ItemPrice>
      <UnitOfMeasurePrice>4.54</UnitOfMeasurePrice>
      <AllowDiscount>1</AllowDiscount>
      <ItemStatus>1</ItemStatus>
    </Item>
    <Item>
      <PriceUpdateDate>2019-06-07 05:39</PriceUpdateDate>
      <ItemCode>7296073367031</ItemCode>
      <ItemType>1</ItemType>
      <ItemName>טונה בשמן סויה 80*3 גרם</ItemName>
      <ManufacturerName>---</ManufacturerName>
      <ManufactureCountry>TH</ManufactureCountry>
      <ManufacturerItemDescription>טונה שמן סויה3יח</ManufacturerItemDescription>
      <UnitQty>גרמים</UnitQty>
      <Quantity>240.00</Quantity>
      <bIsWeighted>0</bIsWeighted>
      <UnitOfMeasure>100 גרם</UnitOfMeasure>
      <QtyInPackage>1</QtyInPackage>
      <ItemPrice>12.90</ItemPrice>
      <UnitOfMeasurePrice>5.38</UnitOfMeasurePrice>
      <AllowDiscount>1</AllowDiscount>
      <ItemStatus>1</ItemStatus>
    </Item>
    <Item>
      <PriceUpdateDate>2019-04-02 13:53</PriceUpdateDate>
      <ItemCode>7296073367154</ItemCode>
      <ItemType>1</ItemType>
      <ItemName>נקניקיות מרגז 400 גרם</ItemName>
      <ManufacturerName>---</ManufacturerName>
      <ManufactureCountry>IL</ManufactureCountry>
      <ManufacturerItemDescription>נקניקיות מרגז</ManufacturerItemDescription>
      <UnitQty>גרמים</UnitQty>
      <Quantity>400.00</Quantity>
      <bIsWeighted>0</bIsWeighted>
      <UnitOfMeasure>100 גרם</UnitOfMeasure>
      <QtyInPackage>1</QtyInPackage>
      <ItemPrice>19.90</ItemPrice>
      <UnitOfMeasurePrice>4.98</UnitOfMeasurePrice>
      <AllowDiscount>1</AllowDiscount>
      <ItemStatus>1</ItemStatus>
    </Item>
    <Item>
      <PriceUpdateDate>2019-04-02 13:53</PriceUpdateDate>
      <ItemCode>7296073367178</ItemCode>
      <ItemType>1</ItemType>
      <ItemName>קבב עיראקי על שיפוד 560</ItemName>
      <ManufacturerName>---</ManufacturerName>
      <ManufactureCountry>IL</ManufactureCountry>
      <ManufacturerItemDescription>קבב עיראקי</ManufacturerItemDescription>
      <UnitQty>גרמים</UnitQty>
      <Quantity>560.00</Quantity>
      <bIsWeighted>0</bIsWeighted>
      <UnitOfMeasure>100 גרם</UnitOfMeasure>
      <QtyInPackage>1</QtyInPackage>
      <ItemPrice>29.90</ItemPrice>
      <UnitOfMeasurePrice>5.34</UnitOfMeasurePrice>
      <AllowDiscount>1</AllowDiscount>
      <ItemStatus>1</ItemStatus>
    </Item>
    <Item>
      <PriceUpdateDate>2019-03-08 05:37</PriceUpdateDate>
      <ItemCode>7296073368212</ItemCode>
      <ItemType>1</ItemType>
      <ItemName>טחינה אורגנית גרין 500 ג</ItemName>
      <ManufacturerName>---</ManufacturerName>
      <ManufactureCountry>IL</ManufactureCountry>
      <ManufacturerItemDescription>טחינה אורגנית</ManufacturerItemDescription>
      <UnitQty>גרמים</UnitQty>
      <Quantity>500.00</Quantity>
      <bIsWeighted>0</bIsWeighted>
      <UnitOfMeasure>100 גרם</UnitOfMeasure>
      <QtyInPackage>1</QtyInPackage>
      <ItemPrice>16.90</ItemPrice>
      <UnitOfMeasurePrice>3.38</UnitOfMeasurePrice>
      <AllowDiscount>1</AllowDiscount>
      <ItemStatus>1</ItemStatus>
    </Item>
    <Item>
      <PriceUpdateDate>2019-07-18 23:01</PriceUpdateDate>
      <ItemCode>7296073368496</ItemCode>
      <ItemType>1</ItemType>
      <ItemName>אורז בסמטי ס.מרוקאי400גר</ItemName>
      <ManufacturerName>---</ManufacturerName>
      <ManufactureCountry>IL</ManufactureCountry>
      <ManufacturerItemDescription>אורז בסמטי מתובל</ManufacturerItemDescription>
      <UnitQty>גרמים</UnitQty>
      <Quantity>400.00</Quantity>
      <bIsWeighted>0</bIsWeighted>
      <UnitOfMeasure>100 גרם</UnitOfMeasure>
      <QtyInPackage>1</QtyInPackage>
      <ItemPrice>12.90</ItemPrice>
      <UnitOfMeasurePrice>3.23</UnitOfMeasurePrice>
      <AllowDiscount>1</AllowDiscount>
      <ItemStatus>1</ItemStatus>
    </Item>
    <Item>
      <PriceUpdateDate>2019-04-19 05:34</PriceUpdateDate>
      <ItemCode>7296073368854</ItemCode>
      <ItemType>1</ItemType>
      <ItemName>טורטיות מקמח חיטה מלא320</ItemName>
      <ManufacturerName>---</ManufacturerName>
      <ManufactureCountry>RS</ManufactureCountry>
      <ManufacturerItemDescription>טורטייה</ManufacturerItemDescription>
      <UnitQty>גרמים</UnitQty>
      <Quantity>320.00</Quantity>
      <bIsWeighted>0</bIsWeighted>
      <UnitOfMeasure>100 גרם</UnitOfMeasure>
      <QtyInPackage>1</QtyInPackage>
      <ItemPrice>8.90</ItemPrice>
      <UnitOfMeasurePrice>2.78</UnitOfMeasurePrice>
      <AllowDiscount>1</AllowDiscount>
      <ItemStatus>1</ItemStatus>
    </Item>
    <Item>
      <PriceUpdateDate>2019-05-24 05:36</PriceUpdateDate>
      <ItemCode>7296073368878</ItemCode>
      <ItemType>1</ItemType>
      <ItemName>קוואקר עבה 500 גרם</ItemName>
      <ManufacturerName>---</ManufacturerName>
      <ManufactureCountry>IL</ManufactureCountry>
      <ManufacturerItemDescription>קוואקר עבה</ManufacturerItemDescription>
      <UnitQty>גרמים</UnitQty>
      <Quantity>500.00</Quantity>
      <bIsWeighted>0</bIsWeighted>
      <UnitOfMeasure>100 גרם</UnitOfMeasure>
      <QtyInPackage>1</QtyInPackage>
      <ItemPrice>8.50</ItemPrice>
      <UnitOfMeasurePrice>1.70</UnitOfMeasurePrice>
      <AllowDiscount>1</AllowDiscount>
      <ItemStatus>1</ItemStatus>
    </Item>
    <Item>
      <PriceUpdateDate>2020-02-14 05:36</PriceUpdateDate>
      <ItemCode>7296073372059</ItemCode>
      <ItemType>1</ItemType>
      <ItemName>קפסולות אתיופיה לנספר50ג</ItemName>
      <ManufacturerName>DELICA</ManufacturerName>
      <ManufactureCountry>IL</ManufactureCountry>
      <ManufacturerItemDescription>קפסולות אתיופיה</ManufacturerItemDescription>
      <UnitQty>גרמים</UnitQty>
      <Quantity>50.00</Quantity>
      <bIsWeighted>0</bIsWeighted>
      <UnitOfMeasure>100 גרם</UnitOfMeasure>
      <QtyInPackage>1</QtyInPackage>
      <ItemPrice>15.90</ItemPrice>
      <UnitOfMeasurePrice>31.80</UnitOfMeasurePrice>
      <AllowDiscount>1</AllowDiscount>
      <ItemStatus>1</ItemStatus>
    </Item>
    <Item>
      <PriceUpdateDate>2020-02-14 05:36</PriceUpdateDate>
      <ItemCode>7296073372097</ItemCode>
      <ItemType>1</ItemType>
      <ItemName>קפסולות קולומביה 50 גרם</ItemName>
      <ManufacturerName>DELICA</ManufacturerName>
      <ManufactureCountry>IL</ManufactureCountry>
      <ManufacturerItemDescription>קפסולות קולומביה</ManufacturerItemDescription>
      <UnitQty>גרמים</UnitQty>
      <Quantity>50.00</Quantity>
      <bIsWeighted>0</bIsWeighted>
      <UnitOfMeasure>100 גרם</UnitOfMeasure>
      <QtyInPackage>1</QtyInPackage>
      <ItemPrice>15.90</ItemPrice>
      <UnitOfMeasurePrice>31.80</UnitOfMeasurePrice>
      <AllowDiscount>1</AllowDiscount>
      <ItemStatus>1</ItemStatus>
    </Item>
    <Item>
      <PriceUpdateDate>2020-10-01 07:30</PriceUpdateDate>
      <ItemCode>7296073373452</ItemCode>
      <ItemType>1</ItemType>
      <ItemName>מחית תפוח ואגס פאוץ90*4ג</ItemName>
      <ManufacturerName>---</ManufacturerName>
      <ManufactureCountry>CN</ManufactureCountry>
      <ManufacturerItemDescription>מחית תפוח אגס4יח</ManufacturerItemDescription>
      <UnitQty>גרמים</UnitQty>
      <Quantity>360.00</Quantity>
      <bIsWeighted>0</bIsWeighted>
      <UnitOfMeasure>100 גרם</UnitOfMeasure>
      <QtyInPackage>1</QtyInPackage>
      <ItemPrice>10.90</ItemPrice>
      <UnitOfMeasurePrice>3.03</UnitOfMeasurePrice>
      <AllowDiscount>1</AllowDiscount>
      <ItemStatus>1</ItemStatus>
    </Item>
    <Item>
      <PriceUpdateDate>2020-10-10 22:10</PriceUpdateDate>
      <ItemCode>7296073373810</ItemCode>
      <ItemType>1</ItemType>
      <ItemName>קלאודס קורנפלקס ושקד150ג</ItemName>
      <ManufacturerName>---</ManufacturerName>
      <ManufactureCountry>DE</ManufactureCountry>
      <ManufacturerItemDescription>קלאודס קורנפלקס</ManufacturerItemDescription>
      <UnitQty>גרמים</UnitQty>
      <Quantity>150.00</Quantity>
      <bIsWeighted>0</bIsWeighted>
      <UnitOfMeasure>100 גרם</UnitOfMeasure>
      <QtyInPackage>1</QtyInPackage>
      <ItemPrice>10.00</ItemPrice>
      <UnitOfMeasurePrice>6.66</UnitOfMeasurePrice>
      <AllowDiscount>1</AllowDiscount>
      <ItemStatus>1</ItemStatus>
    </Item>
    <Item>
      <PriceUpdateDate>2019-05-31 05:35</PriceUpdateDate>
      <ItemCode>7296073376941</ItemCode>
      <ItemType>1</ItemType>
      <ItemName>קציצות עוף עם ירקות700גר</ItemName>
      <ManufacturerName>---</ManufacturerName>
      <ManufactureCountry>IL</ManufactureCountry>
      <ManufacturerItemDescription>קציצות עוף+ירקות</ManufacturerItemDescription>
      <UnitQty>גרמים</UnitQty>
      <Quantity>700.00</Quantity>
      <bIsWeighted>0</bIsWeighted>
      <UnitOfMeasure>100 גרם</UnitOfMeasure>
      <QtyInPackage>1</QtyInPackage>
      <ItemPrice>29.90</ItemPrice>
      <UnitOfMeasurePrice>4.27</UnitOfMeasurePrice>
      <AllowDiscount>1</AllowDiscount>
      <ItemStatus>1</ItemStatus>
    </Item>
    <Item>
      <PriceUpdateDate>2019-08-09 05:34</PriceUpdateDate>
      <ItemCode>7296073379287</ItemCode>
      <ItemType>1</ItemType>
      <ItemName>מרכך מרוכזBLOSSOM CHERRY</ItemName>
      <ManufacturerName>---</ManufacturerName>
      <ManufactureCountry>IL</ManufactureCountry>
      <ManufacturerItemDescription>מרכך מרוכז ספא</ManufacturerItemDescription>
      <UnitQty>ליטרים</UnitQty>
      <Quantity>1.00</Quantity>
      <bIsWeighted>0</bIsWeighted>
      <UnitOfMeasure>ליטר</UnitOfMeasure>
      <QtyInPackage>1</QtyInPackage>
      <ItemPrice>14.90</ItemPrice>
      <UnitOfMeasurePrice>14.90</UnitOfMeasurePrice>
      <AllowDiscount>1</AllowDiscount>
      <ItemStatus>1</ItemStatus>
    </Item>
    <Item>
      <PriceUpdateDate>2019-09-18 14:09</PriceUpdateDate>
      <ItemCode>7296073379362</ItemCode>
      <ItemType>1</ItemType>
      <ItemName>רוטב לסלט קיסר</ItemName>
      <ManufacturerName>---</ManufacturerName>
      <ManufactureCountry>IL</ManufactureCountry>
      <ManufacturerItemDescription>רוטב לסלט קיסר</ManufacturerItemDescription>
      <UnitQty>מיליליטרים</UnitQty>
      <Quantity>280.00</Quantity>
      <bIsWeighted>0</bIsWeighted>
      <UnitOfMeasure>100 מ"ל</UnitOfMeasure>
      <QtyInPackage>1</QtyInPackage>
      <ItemPrice>12.90</ItemPrice>
      <UnitOfMeasurePrice>4.61</UnitOfMeasurePrice>
      <AllowDiscount>1</AllowDiscount>
      <ItemStatus>1</ItemStatus>
    </Item>
    <Item>
      <PriceUpdateDate>2020-04-06 11:04</PriceUpdateDate>
      <ItemCode>7296073380948</ItemCode>
      <ItemType>1</ItemType>
      <ItemName>ג'ל אלכוהול 70%בניחוח ים</ItemName>
      <ManufacturerName>---</ManufacturerName>
      <ManufactureCountry>TR</ManufactureCountry>
      <ManufacturerItemDescription>ג'ל אלכוהול 70%ב</ManufacturerItemDescription>
      <UnitQty>מיליליטרים</UnitQty>
      <Quantity>200.00</Quantity>
      <bIsWeighted>0</bIsWeighted>
      <UnitOfMeasure>100 מ"ל</UnitOfMeasure>
      <QtyInPackage>1</QtyInPackage>
      <ItemPrice>12.90</ItemPrice>
      <UnitOfMeasurePrice>6.45</UnitOfMeasurePrice>
      <AllowDiscount>1</AllowDiscount>
      <ItemStatus>1</ItemStatus>
    </Item>
    <Item>
      <PriceUpdateDate>2020-10-11 17:20</PriceUpdateDate>
      <ItemCode>7296073381068</ItemCode>
      <ItemType>1</ItemType>
      <ItemName>מסכה פנים תלת שכבתית50יח</ItemName>
      <ManufacturerName>כללי</ManufacturerName>
      <ManufactureCountry>IL</ManufactureCountry>
      <ManufacturerItemDescription>מסכה פנים תלת שכ</ManufacturerItemDescription>
      <UnitQty>יחידה</UnitQty>
      <Quantity>1.00</Quantity>
      <bIsWeighted>0</bIsWeighted>
      <UnitOfMeasure>יחידה</UnitOfMeasure>
      <QtyInPackage>1</QtyInPackage>
      <ItemPrice>14.90</ItemPrice>
      <UnitOfMeasurePrice>14.90</UnitOfMeasurePrice>
      <AllowDiscount>1</AllowDiscount>
      <ItemStatus>1</ItemStatus>
    </Item>
    <Item>
      <PriceUpdateDate>2020-04-07 10:26</PriceUpdateDate>
      <ItemCode>7296073381099</ItemCode>
      <ItemType>1</ItemType>
      <ItemName>מסכת פנים תלת שכבתית</ItemName>
      <ManufacturerName>כללי</ManufacturerName>
      <ManufactureCountry>IL</ManufactureCountry>
      <ManufacturerItemDescription>מסכת פנים תלת שכ</ManufacturerItemDescription>
      <UnitQty>יחידה</UnitQty>
      <Quantity>1.00</Quantity>
      <bIsWeighted>0</bIsWeighted>
      <UnitOfMeasure>יחידה</UnitOfMeasure>
      <QtyInPackage>1</QtyInPackage>
      <ItemPrice>3.30</ItemPrice>
      <UnitOfMeasurePrice>3.30</UnitOfMeasurePrice>
      <AllowDiscount>1</AllowDiscount>
      <ItemStatus>1</ItemStatus>
    </Item>
    <Item>
      <PriceUpdateDate>2020-10-11 17:20</PriceUpdateDate>
      <ItemCode>7296073381112</ItemCode>
      <ItemType>1</ItemType>
      <ItemName>מסכת פנים תלת שכבתית3יח</ItemName>
      <ManufacturerName>CO.LTD MATERIAL</ManufacturerName>
      <ManufactureCountry>CN</ManufactureCountry>
      <ManufacturerItemDescription>מסכת פנים תלת שכ</ManufacturerItemDescription>
      <UnitQty>יחידה</UnitQty>
      <Quantity>1.00</Quantity>
      <bIsWeighted>0</bIsWeighted>
      <UnitOfMeasure>יחידה</UnitOfMeasure>
      <QtyInPackage>1</QtyInPackage>
      <ItemPrice>1.70</ItemPrice>
      <UnitOfMeasurePrice>1.70</UnitOfMeasurePrice>
      <AllowDiscount>1</AllowDiscount>
      <ItemStatus>1</ItemStatus>
    </Item>
    <Item>
      <PriceUpdateDate>2019-09-27 05:42</PriceUpdateDate>
      <ItemCode>7296073382416</ItemCode>
      <ItemType>1</ItemType>
      <ItemName>שוקולד מריר 90% 100 גרם</ItemName>
      <ManufacturerName>---</ManufacturerName>
      <ManufactureCountry>CH</ManufactureCountry>
      <ManufacturerItemDescription>שוקולד מריר 90%</ManufacturerItemDescription>
      <UnitQty>גרמים</UnitQty>
      <Quantity>100.00</Quantity>
      <bIsWeighted>0</bIsWeighted>
      <UnitOfMeasure>100 גרם</UnitOfMeasure>
      <QtyInPackage>1</QtyInPackage>
      <ItemPrice>10.90</ItemPrice>
      <UnitOfMeasurePrice>10.90</UnitOfMeasurePrice>
      <AllowDiscount>1</AllowDiscount>
      <ItemStatus>1</ItemStatus>
    </Item>
    <Item>
      <PriceUpdateDate>2020-01-20 01:21</PriceUpdateDate>
      <ItemCode>7296073383567</ItemCode>
      <ItemType>1</ItemType>
      <ItemName>אורז פרסי זיפר שופרסל1ק</ItemName>
      <ManufacturerName>מהונקורן רייס</ManufacturerName>
      <ManufactureCountry>TH</ManufactureCountry>
      <ManufacturerItemDescription>אורז פרסי</ManufacturerItemDescription>
      <UnitQty>קילוגרמים</UnitQty>
      <Quantity>1.00</Quantity>
      <bIsWeighted>0</bIsWeighted>
      <UnitOfMeasure>ק"ג</UnitOfMeasure>
      <QtyInPackage>1</QtyInPackage>
      <ItemPrice>6.90</ItemPrice>
      <UnitOfMeasurePrice>6.90</UnitOfMeasurePrice>
      <AllowDiscount>1</AllowDiscount>
      <ItemStatus>1</ItemStatus>
    </Item>
    <Item>
      <PriceUpdateDate>2019-07-18 23:01</PriceUpdateDate>
      <ItemCode>7296073383666</ItemCode>
      <ItemType>1</ItemType>
      <ItemName>סוכר לבן שופרסל 1 ק"ג</ItemName>
      <ManufacturerName>---</ManufacturerName>
      <ManufactureCountry>PL</ManufactureCountry>
      <ManufacturerItemDescription>סוכר לבן</ManufacturerItemDescription>
      <UnitQty>קילוגרמים</UnitQty>
      <Quantity>1.00</Quantity>
      <bIsWeighted>0</bIsWeighted>
      <UnitOfMeasure>ק"ג</UnitOfMeasure>
      <QtyInPackage>1</QtyInPackage>
      <ItemPrice>4.80</ItemPrice>
      <UnitOfMeasurePrice>4.80</UnitOfMeasurePrice>
      <AllowDiscount>1</AllowDiscount>
      <ItemStatus>1</ItemStatus>
    </Item>
    <Item>
      <PriceUpdateDate>2019-08-23 05:33</PriceUpdateDate>
      <ItemCode>7296073386247</ItemCode>
      <ItemType>1</ItemType>
      <ItemName>עלי גפן ממולא.אורז 400 ג</ItemName>
      <ManufacturerName>אגה אזיר איסק סאניי</ManufacturerName>
      <ManufactureCountry>TR</ManufactureCountry>
      <ManufacturerItemDescription>עלי גפן ממולאים</ManufacturerItemDescription>
      <UnitQty>גרמים</UnitQty>
      <Quantity>400.00</Quantity>
      <bIsWeighted>0</bIsWeighted>
      <UnitOfMeasure>100 גרם</UnitOfMeasure>
      <QtyInPackage>1</QtyInPackage>
      <ItemPrice>8.70</ItemPrice>
      <UnitOfMeasurePrice>2.18</UnitOfMeasurePrice>
      <AllowDiscount>1</AllowDiscount>
      <ItemStatus>1</ItemStatus>
    </Item>
    <Item>
      <PriceUpdateDate>2019-09-06 05:33</PriceUpdateDate>
      <ItemCode>7296073387718</ItemCode>
      <ItemType>1</ItemType>
      <ItemName>גאודה 27% מגורדת 400ג</ItemName>
      <ManufacturerName>---</ManufacturerName>
      <ManufactureCountry>PL</ManufactureCountry>
      <ManufacturerItemDescription>גאודה מגורדת</ManufacturerItemDescription>
      <UnitQty>גרמים</UnitQty>
      <Quantity>400.00</Quantity>
      <bIsWeighted>0</bIsWeighted>
      <UnitOfMeasure>100 גרם</UnitOfMeasure>
      <QtyInPackage>1</QtyInPackage>
      <ItemPrice>24.90</ItemPrice>
      <UnitOfMeasurePrice>6.23</UnitOfMeasurePrice>
      <AllowDiscount>1</AllowDiscount>
      <ItemStatus>1</ItemStatus>
    </Item>
    <Item>
      <PriceUpdateDate>2019-11-01 05:34</PriceUpdateDate>
      <ItemCode>7296073388548</ItemCode>
      <ItemType>1</ItemType>
      <ItemName>ביצי הפתעה PJMASK 20*3ג</ItemName>
      <ManufacturerName>---</ManufacturerName>
      <ManufactureCountry>IT</ManufactureCountry>
      <ManufacturerItemDescription>ביצי הפתעה PJ</ManufacturerItemDescription>
      <UnitQty>גרמים</UnitQty>
      <Quantity>60.00</Quantity>
      <bIsWeighted>0</bIsWeighted>
      <UnitOfMeasure>100 גרם</UnitOfMeasure>
      <QtyInPackage>1</QtyInPackage>
      <ItemPrice>13.90</ItemPrice>
      <UnitOfMeasurePrice>23.17</UnitOfMeasurePrice>
      <AllowDiscount>1</AllowDiscount>
      <ItemStatus>1</ItemStatus>
    </Item>
    <Item>
      <PriceUpdateDate>2019-11-29 05:37</PriceUpdateDate>
      <ItemCode>7296073388685</ItemCode>
      <ItemType>1</ItemType>
      <ItemName>גזוז בטעם ליצ'י 315 מ"ל</ItemName>
      <ManufacturerName>אינבנטו בע"מ</ManufacturerName>
      <ManufactureCountry>PL</ManufactureCountry>
      <ManufacturerItemDescription>גזוז בטעם לי'צי</ManufacturerItemDescription>
      <UnitQty>מיליליטרים</UnitQty>
      <Quantity>315.00</Quantity>
      <bIsWeighted>0</bIsWeighted>
      <UnitOfMeasure>100 מ"ל</UnitOfMeasure>
      <QtyInPackage>1</QtyInPackage>
      <ItemPrice>4.90</ItemPrice>
      <UnitOfMeasurePrice>1.56</UnitOfMeasurePrice>
      <AllowDiscount>1</AllowDiscount>
      <ItemStatus>1</ItemStatus>
    </Item>
    <Item>
      <PriceUpdateDate>2019-11-29 05:37</PriceUpdateDate>
      <ItemCode>7296073388708</ItemCode>
      <ItemType>1</ItemType>
      <ItemName>גזוז בטעם מנגו מלון 315מ</ItemName>
      <ManufacturerName>---</ManufacturerName>
      <ManufactureCountry>PL</ManufactureCountry>
      <ManufacturerItemDescription>גזוז ט.מנגו מלון</ManufacturerItemDescription>
      <UnitQty>מיליליטרים</UnitQty>
      <Quantity>315.00</Quantity>
      <bIsWeighted>0</bIsWeighted>
      <UnitOfMeasure>100 מ"ל</UnitOfMeasure>
      <QtyInPackage>1</QtyInPackage>
      <ItemPrice>4.90</ItemPrice>
      <UnitOfMeasurePrice>1.56</UnitOfMeasurePrice>
      <AllowDiscount>1</AllowDiscount>
      <ItemStatus>1</ItemStatus>
    </Item>
    <Item>
      <PriceUpdateDate>2019-12-13 05:41</PriceUpdateDate>
      <ItemCode>7296073388838</ItemCode>
      <ItemType>1</ItemType>
      <ItemName>שוק.מריר ממולא ק.דובד100</ItemName>
      <ManufacturerName>---</ManufacturerName>
      <ManufactureCountry>CH</ManufactureCountry>
      <ManufacturerItemDescription>שוקולד ממולא</ManufacturerItemDescription>
      <UnitQty>גרמים</UnitQty>
      <Quantity>100.00</Quantity>
      <bIsWeighted>0</bIsWeighted>
      <UnitOfMeasure>100 גרם</UnitOfMeasure>
      <QtyInPackage>1</QtyInPackage>
      <ItemPrice>10.90</ItemPrice>
      <UnitOfMeasurePrice>10.90</UnitOfMeasurePrice>
      <AllowDiscount>1</AllowDiscount>
      <ItemStatus>1</ItemStatus>
    </Item>
    <Item>
      <PriceUpdateDate>2019-09-20 05:38</PriceUpdateDate>
      <ItemCode>7296073389798</ItemCode>
      <ItemType>1</ItemType>
      <ItemName>חט.דגנים שוק.חלב מופחת6י</ItemName>
      <ManufacturerName>---</ManufacturerName>
      <ManufactureCountry>AT</ManufactureCountry>
      <ManufacturerItemDescription>חטיפי דגנים 6 יח</ManufacturerItemDescription>
      <UnitQty>גרמים</UnitQty>
      <Quantity>138.00</Quantity>
      <bIsWeighted>0</bIsWeighted>
      <UnitOfMeasure>100 גרם</UnitOfMeasure>
      <QtyInPackage>1</QtyInPackage>
      <ItemPrice>10.90</ItemPrice>
      <UnitOfMeasurePrice>7.90</UnitOfMeasurePrice>
      <AllowDiscount>1</AllowDiscount>
      <ItemStatus>1</ItemStatus>
    </Item>
    <Item>
      <PriceUpdateDate>2019-12-24 07:42</PriceUpdateDate>
      <ItemCode>7296073389927</ItemCode>
      <ItemType>1</ItemType>
      <ItemName>חטיפי חלבון קקאו 4 יח</ItemName>
      <ManufacturerName>---</ManufacturerName>
      <ManufactureCountry>PL</ManufactureCountry>
      <ManufacturerItemDescription>חטיפי חלבון 4 יח</ManufacturerItemDescription>
      <UnitQty>גרמים</UnitQty>
      <Quantity>160.00</Quantity>
      <bIsWeighted>0</bIsWeighted>
      <UnitOfMeasure>100 גרם</UnitOfMeasure>
      <QtyInPackage>1</QtyInPackage>
      <ItemPrice>22.90</ItemPrice>
      <UnitOfMeasurePrice>14.31</UnitOfMeasurePrice>
      <AllowDiscount>1</AllowDiscount>
      <ItemStatus>1</ItemStatus>
    </Item>
    <Item>
      <PriceUpdateDate>2019-12-30 14:25</PriceUpdateDate>
      <ItemCode>7296073390084</ItemCode>
      <ItemType>1</ItemType>
      <ItemName>שזיף מגולען 300גרם</ItemName>
      <ManufacturerName>---</ManufacturerName>
      <ManufactureCountry>IL</ManufactureCountry>
      <ManufacturerItemDescription>שזיף מגולען</ManufacturerItemDescription>
      <UnitQty>גרמים</UnitQty>
      <Quantity>300.00</Quantity>
      <bIsWeighted>0</bIsWeighted>
      <UnitOfMeasure>100 גרם</UnitOfMeasure>
      <QtyInPackage>1</QtyInPackage>
      <ItemPrice>16.90</ItemPrice>
      <UnitOfMeasurePrice>5.63</UnitOfMeasurePrice>
      <AllowDiscount>1</AllowDiscount>
      <ItemStatus>1</ItemStatus>
    </Item>
    <Item>
      <PriceUpdateDate>2020-10-10 19:00</PriceUpdateDate>
      <ItemCode>7296073390206</ItemCode>
      <ItemType>1</ItemType>
      <ItemName>עינוגי פקאן שופרסל 400 ג</ItemName>
      <ManufacturerName>בריגן קי. ג'י</ManufacturerName>
      <ManufactureCountry>DE</ManufactureCountry>
      <ManufacturerItemDescription>עינוגי פקאן</ManufacturerItemDescription>
      <UnitQty>גרמים</UnitQty>
      <Quantity>400.00</Quantity>
      <bIsWeighted>0</bIsWeighted>
      <UnitOfMeasure>100 גרם</UnitOfMeasure>
      <QtyInPackage>1</QtyInPackage>
      <ItemPrice>16.90</ItemPrice>
      <UnitOfMeasurePrice>4.23</UnitOfMeasurePrice>
      <AllowDiscount>1</AllowDiscount>
      <ItemStatus>1</ItemStatus>
    </Item>
    <Item>
      <PriceUpdateDate>2020-02-28 05:35</PriceUpdateDate>
      <ItemCode>7296073390312</ItemCode>
      <ItemType>1</ItemType>
      <ItemName>גב.שמנת שום שמיר25% 200ג</ItemName>
      <ManufacturerName>---</ManufacturerName>
      <ManufactureCountry>IL</ManufactureCountry>
      <ManufacturerItemDescription>גבינת שמנת</ManufacturerItemDescription>
      <UnitQty>גרמים</UnitQty>
      <Quantity>200.00</Quantity>
      <bIsWeighted>0</bIsWeighted>
      <UnitOfMeasure>100 גרם</UnitOfMeasure>
      <QtyInPackage>1</QtyInPackage>
      <ItemPrice>10.90</ItemPrice>
      <UnitOfMeasurePrice>5.45</UnitOfMeasurePrice>
      <AllowDiscount>1</AllowDiscount>
      <ItemStatus>1</ItemStatus>
    </Item>
    <Item>
      <PriceUpdateDate>2020-01-31 05:37</PriceUpdateDate>
      <ItemCode>7296073390534</ItemCode>
      <ItemType>1</ItemType>
      <ItemName>מטען קיר ראש כפול  2.1A</ItemName>
      <ManufacturerName>בסט סין</ManufacturerName>
      <ManufactureCountry>CN</ManufactureCountry>
      <ManufacturerItemDescription>מטען קיר ראש</ManufacturerItemDescription>
      <UnitQty>יחידה</UnitQty>
      <Quantity>1.00</Quantity>
      <bIsWeighted>0</bIsWeighted>
      <UnitOfMeasure>יחידה</UnitOfMeasure>
      <QtyInPackage>1</QtyInPackage>
      <ItemPrice>29.90</ItemPrice>
      <UnitOfMeasurePrice>29.90</UnitOfMeasurePrice>
      <AllowDiscount>1</AllowDiscount>
      <ItemStatus>1</ItemStatus>
    </Item>
    <Item>
      <PriceUpdateDate>2020-01-31 05:37</PriceUpdateDate>
      <ItemCode>7296073390541</ItemCode>
      <ItemType>1</ItemType>
      <ItemName>מטען קיר כפול גלקסי  2.1</ItemName>
      <ManufacturerName>בסט סין</ManufacturerName>
      <ManufactureCountry>CN</ManufactureCountry>
      <ManufacturerItemDescription>מטען קיר כפול</ManufacturerItemDescription>
      <UnitQty>יחידה</UnitQty>
      <Quantity>1.00</Quantity>
      <bIsWeighted>0</bIsWeighted>
      <UnitOfMeasure>יחידה</UnitOfMeasure>
      <QtyInPackage>1</QtyInPackage>
      <ItemPrice>49.90</ItemPrice>
      <UnitOfMeasurePrice>49.90</UnitOfMeasurePrice>
      <AllowDiscount>1</AllowDiscount>
      <ItemStatus>1</ItemStatus>
    </Item>
    <Item>
      <PriceUpdateDate>2020-01-31 05:37</PriceUpdateDate>
      <ItemCode>7296073390558</ItemCode>
      <ItemType>1</ItemType>
      <ItemName>מטען קיר כפול אפל  2.1A</ItemName>
      <ManufacturerName>בסט סין</ManufacturerName>
      <ManufactureCountry>CN</ManufactureCountry>
      <ManufacturerItemDescription>מטען קיר כפול</ManufacturerItemDescription>
      <UnitQty>יחידה</UnitQty>
      <Quantity>1.00</Quantity>
      <bIsWeighted>0</bIsWeighted>
      <UnitOfMeasure>יחידה</UnitOfMeasure>
      <QtyInPackage>1</QtyInPackage>
      <ItemPrice>49.90</ItemPrice>
      <UnitOfMeasurePrice>49.90</UnitOfMeasurePrice>
      <AllowDiscount>1</AllowDiscount>
      <ItemStatus>1</ItemStatus>
    </Item>
    <Item>
      <PriceUpdateDate>2020-01-31 05:37</PriceUpdateDate>
      <ItemCode>7296073390565</ItemCode>
      <ItemType>1</ItemType>
      <ItemName>מטען קיר כפול  TYPE 2.1A</ItemName>
      <ManufacturerName>בסט סין</ManufacturerName>
      <ManufactureCountry>CN</ManufactureCountry>
      <ManufacturerItemDescription>מטען קיר כפול</ManufacturerItemDescription>
      <UnitQty>יחידה</UnitQty>
      <Quantity>1.00</Quantity>
      <bIsWeighted>0</bIsWeighted>
      <UnitOfMeasure>יחידה</UnitOfMeasure>
      <QtyInPackage>1</QtyInPackage>
      <ItemPrice>49.90</ItemPrice>
      <UnitOfMeasurePrice>49.90</UnitOfMeasurePrice>
      <AllowDiscount>1</AllowDiscount>
      <ItemStatus>1</ItemStatus>
    </Item>
    <Item>
      <PriceUpdateDate>2020-02-21 05:36</PriceUpdateDate>
      <ItemCode>7296073390619</ItemCode>
      <ItemType>1</ItemType>
      <ItemName>כבל   1.2M   Type-C</ItemName>
      <ManufacturerName>---</ManufacturerName>
      <ManufactureCountry>CN</ManufactureCountry>
      <ManufacturerItemDescription>כבל   Type-C</ManufacturerItemDescription>
      <UnitQty>יחידה</UnitQty>
      <Quantity>1.00</Quantity>
      <bIsWeighted>0</bIsWeighted>
      <UnitOfMeasure>יחידה</UnitOfMeasure>
      <QtyInPackage>1</QtyInPackage>
      <ItemPrice>19.90</ItemPrice>
      <UnitOfMeasurePrice>19.90</UnitOfMeasurePrice>
      <AllowDiscount>1</AllowDiscount>
      <ItemStatus>1</ItemStatus>
    </Item>
    <Item>
      <PriceUpdateDate>2020-01-31 05:37</PriceUpdateDate>
      <ItemCode>7296073390633</ItemCode>
      <ItemType>1</ItemType>
      <ItemName>כבל  מיקרו 1.2M</ItemName>
      <ManufacturerName>---</ManufacturerName>
      <ManufactureCountry>CN</ManufactureCountry>
      <ManufacturerItemDescription>כבל  מיקרו  1.2M</ManufacturerItemDescription>
      <UnitQty>יחידה</UnitQty>
      <Quantity>1.00</Quantity>
      <bIsWeighted>0</bIsWeighted>
      <UnitOfMeasure>יחידה</UnitOfMeasure>
      <QtyInPackage>1</QtyInPackage>
      <ItemPrice>19.90</ItemPrice>
      <UnitOfMeasurePrice>19.90</UnitOfMeasurePrice>
      <AllowDiscount>1</AllowDiscount>
      <ItemStatus>1</ItemStatus>
    </Item>
    <Item>
      <PriceUpdateDate>2020-01-31 05:37</PriceUpdateDate>
      <ItemCode>7296073390657</ItemCode>
      <ItemType>1</ItemType>
      <ItemName>כבל  אייפון  1.2M</ItemName>
      <ManufacturerName>---</ManufacturerName>
      <ManufactureCountry>CN</ManufactureCountry>
      <ManufacturerItemDescription>כבל  אייפון 1.2m</ManufacturerItemDescription>
      <UnitQty>יחידה</UnitQty>
      <Quantity>1.00</Quantity>
      <bIsWeighted>0</bIsWeighted>
      <UnitOfMeasure>יחידה</UnitOfMeasure>
      <QtyInPackage>1</QtyInPackage>
      <ItemPrice>19.90</ItemPrice>
      <UnitOfMeasurePrice>19.90</UnitOfMeasurePrice>
      <AllowDiscount>1</AllowDiscount>
      <ItemStatus>1</ItemStatus>
    </Item>
    <Item>
      <PriceUpdateDate>2020-01-31 05:37</PriceUpdateDate>
      <ItemCode>7296073390701</ItemCode>
      <ItemType>1</ItemType>
      <ItemName>אוזניות סטריאו</ItemName>
      <ManufacturerName>---</ManufacturerName>
      <ManufactureCountry>CN</ManufactureCountry>
      <ManufacturerItemDescription>אוזניות סטריאו</ManufacturerItemDescription>
      <UnitQty>יחידה</UnitQty>
      <Quantity>1.00</Quantity>
      <bIsWeighted>0</bIsWeighted>
      <UnitOfMeasure>יחידה</UnitOfMeasure>
      <QtyInPackage>1</QtyInPackage>
      <ItemPrice>34.90</ItemPrice>
      <UnitOfMeasurePrice>34.90</UnitOfMeasurePrice>
      <AllowDiscount>1</AllowDiscount>
      <ItemStatus>1</ItemStatus>
    </Item>
    <Item>
      <PriceUpdateDate>2019-10-25 05:34</PriceUpdateDate>
      <ItemCode>7296073390916</ItemCode>
      <ItemType>1</ItemType>
      <ItemName>שווארמה מג'דרה 550 גרם</ItemName>
      <ManufacturerName>סי.אי.פי מבוא חורון</ManufacturerName>
      <ManufactureCountry>IL</ManufactureCountry>
      <ManufacturerItemDescription>שווארמה מג'דרה</ManufacturerItemDescription>
      <UnitQty>גרמים</UnitQty>
      <Quantity>550.00</Quantity>
      <bIsWeighted>0</bIsWeighted>
      <UnitOfMeasure>100 גרם</UnitOfMeasure>
      <QtyInPackage>1</QtyInPackage>
      <ItemPrice>29.90</ItemPrice>
      <UnitOfMeasurePrice>5.44</UnitOfMeasurePrice>
      <AllowDiscount>1</AllowDiscount>
      <ItemStatus>1</ItemStatus>
    </Item>
    <Item>
      <PriceUpdateDate>2019-10-25 05:34</PriceUpdateDate>
      <ItemCode>7296073390923</ItemCode>
      <ItemType>1</ItemType>
      <ItemName>נודלס עוף שופרסל 550 גרם</ItemName>
      <ManufacturerName>סי.אי.פי מבוא חורון</ManufacturerName>
      <ManufactureCountry>IL</ManufactureCountry>
      <ManufacturerItemDescription>נודלס עוף</ManufacturerItemDescription>
      <UnitQty>גרמים</UnitQty>
      <Quantity>550.00</Quantity>
      <bIsWeighted>0</bIsWeighted>
      <UnitOfMeasure>100 גרם</UnitOfMeasure>
      <QtyInPackage>1</QtyInPackage>
      <ItemPrice>29.90</ItemPrice>
      <UnitOfMeasurePrice>5.44</UnitOfMeasurePrice>
      <AllowDiscount>1</AllowDiscount>
      <ItemStatus>1</ItemStatus>
    </Item>
    <Item>
      <PriceUpdateDate>2019-10-25 05:34</PriceUpdateDate>
      <ItemCode>7296073390930</ItemCode>
      <ItemType>1</ItemType>
      <ItemName>עוף סצ'ואן שופרסל 550 גר</ItemName>
      <ManufacturerName>---</ManufacturerName>
      <ManufactureCountry>IL</ManufactureCountry>
      <ManufacturerItemDescription>עוף סצ'ואן</ManufacturerItemDescription>
      <UnitQty>גרמים</UnitQty>
      <Quantity>550.00</Quantity>
      <bIsWeighted>0</bIsWeighted>
      <UnitOfMeasure>100 גרם</UnitOfMeasure>
      <QtyInPackage>1</QtyInPackage>
      <ItemPrice>29.90</ItemPrice>
      <UnitOfMeasurePrice>5.44</UnitOfMeasurePrice>
      <AllowDiscount>1</AllowDiscount>
      <ItemStatus>1</ItemStatus>
    </Item>
    <Item>
      <PriceUpdateDate>2020-01-07 08:26</PriceUpdateDate>
      <ItemCode>7296073390985</ItemCode>
      <ItemType>1</ItemType>
      <ItemName>גב.צהובה 28% שופרסל 200ג</ItemName>
      <ManufacturerName>MLEKOVITA</ManufacturerName>
      <ManufactureCountry>PL</ManufactureCountry>
      <ManufacturerItemDescription>גבינה צהובה</ManufacturerItemDescription>
      <UnitQty>גרמים</UnitQty>
      <Quantity>200.00</Quantity>
      <bIsWeighted>0</bIsWeighted>
      <UnitOfMeasure>100 גרם</UnitOfMeasure>
      <QtyInPackage>1</QtyInPackage>
      <ItemPrice>7.00</ItemPrice>
      <UnitOfMeasurePrice>3.50</UnitOfMeasurePrice>
      <AllowDiscount>1</AllowDiscount>
      <ItemStatus>1</ItemStatus>
    </Item>
    <Item>
      <PriceUpdateDate>2020-01-07 08:26</PriceUpdateDate>
      <ItemCode>7296073390992</ItemCode>
      <ItemType>1</ItemType>
      <ItemName>גב.צהובה 28% שופרסל 400ג</ItemName>
      <ManufacturerName>---</ManufacturerName>
      <ManufactureCountry>PL</ManufactureCountry>
      <ManufacturerItemDescription>גבינה צהובה</ManufacturerItemDescription>
      <UnitQty>גרמים</UnitQty>
      <Quantity>400.00</Quantity>
      <bIsWeighted>0</bIsWeighted>
      <UnitOfMeasure>100 גרם</UnitOfMeasure>
      <QtyInPackage>1</QtyInPackage>
      <ItemPrice>14.00</ItemPrice>
      <UnitOfMeasurePrice>3.50</UnitOfMeasurePrice>
      <AllowDiscount>1</AllowDiscount>
      <ItemStatus>1</ItemStatus>
    </Item>
    <Item>
      <PriceUpdateDate>2020-01-17 05:35</PriceUpdateDate>
      <ItemCode>7296073391654</ItemCode>
      <ItemType>1</ItemType>
      <ItemName>מגבונים לחיטוי וניקוי50י</ItemName>
      <ManufacturerName>טרופיקל</ManufacturerName>
      <ManufactureCountry>IL</ManufactureCountry>
      <ManufacturerItemDescription>מגבונים לניקוי</ManufacturerItemDescription>
      <UnitQty>יחידה</UnitQty>
      <Quantity>1.00</Quantity>
      <bIsWeighted>0</bIsWeighted>
      <UnitOfMeasure>יחידה</UnitOfMeasure>
      <QtyInPackage>1</QtyInPackage>
      <ItemPrice>14.90</ItemPrice>
      <UnitOfMeasurePrice>14.90</UnitOfMeasurePrice>
      <AllowDiscount>1</AllowDiscount>
      <ItemStatus>1</ItemStatus>
    </Item>
    <Item>
      <PriceUpdateDate>2020-01-06 09:55</PriceUpdateDate>
      <ItemCode>7296073392934</ItemCode>
      <ItemType>1</ItemType>
      <ItemName>נייר טואלט 24 גליל כפול</ItemName>
      <ManufacturerName>---</ManufacturerName>
      <ManufactureCountry>IL</ManufactureCountry>
      <ManufacturerItemDescription>נייר טואלט 24 גל</ManufacturerItemDescription>
      <UnitQty>מטרים</UnitQty>
      <Quantity>860.00</Quantity>
      <bIsWeighted>0</bIsWeighted>
      <UnitOfMeasure>100 מטר</UnitOfMeasure>
      <QtyInPackage>1</QtyInPackage>
      <ItemPrice>41.90</ItemPrice>
      <UnitOfMeasurePrice>4.87</UnitOfMeasurePrice>
      <AllowDiscount>1</AllowDiscount>
      <ItemStatus>1</ItemStatus>
    </Item>
    <Item>
      <PriceUpdateDate>2020-10-10 19:00</PriceUpdateDate>
      <ItemCode>7296073393108</ItemCode>
      <ItemType>1</ItemType>
      <ItemName>קפה נמס קלאסי 200 גרם</ItemName>
      <ManufacturerName>---</ManufacturerName>
      <ManufactureCountry>ES</ManufactureCountry>
      <ManufacturerItemDescription>קפה נמס קלאסי</ManufacturerItemDescription>
      <UnitQty>גרמים</UnitQty>
      <Quantity>200.00</Quantity>
      <bIsWeighted>0</bIsWeighted>
      <UnitOfMeasure>100 גרם</UnitOfMeasure>
      <QtyInPackage>1</QtyInPackage>
      <ItemPrice>17.90</ItemPrice>
      <UnitOfMeasurePrice>8.95</UnitOfMeasurePrice>
      <AllowDiscount>1</AllowDiscount>
      <ItemStatus>1</ItemStatus>
    </Item>
    <Item>
      <PriceUpdateDate>2020-10-10 19:00</PriceUpdateDate>
      <ItemCode>7296073393115</ItemCode>
      <ItemType>1</ItemType>
      <ItemName>קפה נמס  ערביקה 200 גרם</ItemName>
      <ManufacturerName>---</ManufacturerName>
      <ManufactureCountry>ES</ManufactureCountry>
      <ManufacturerItemDescription>קפה נמס  ערביקה</ManufacturerItemDescription>
      <UnitQty>גרמים</UnitQty>
      <Quantity>200.00</Quantity>
      <bIsWeighted>0</bIsWeighted>
      <UnitOfMeasure>100 גרם</UnitOfMeasure>
      <QtyInPackage>1</QtyInPackage>
      <ItemPrice>17.90</ItemPrice>
      <UnitOfMeasurePrice>8.95</UnitOfMeasurePrice>
      <AllowDiscount>1</AllowDiscount>
      <ItemStatus>1</ItemStatus>
    </Item>
    <Item>
      <PriceUpdateDate>2020-10-10 19:00</PriceUpdateDate>
      <ItemCode>7296073393122</ItemCode>
      <ItemType>1</ItemType>
      <ItemName>קפה נמס בריסטה 200 גרם</ItemName>
      <ManufacturerName>---</ManufacturerName>
      <ManufactureCountry>ES</ManufactureCountry>
      <ManufacturerItemDescription>קפה נמס בריסטה</ManufacturerItemDescription>
      <UnitQty>גרמים</UnitQty>
      <Quantity>200.00</Quantity>
      <bIsWeighted>0</bIsWeighted>
      <UnitOfMeasure>100 גרם</UnitOfMeasure>
      <QtyInPackage>1</QtyInPackage>
      <ItemPrice>17.90</ItemPrice>
      <UnitOfMeasurePrice>8.95</UnitOfMeasurePrice>
      <AllowDiscount>1</AllowDiscount>
      <ItemStatus>1</ItemStatus>
    </Item>
    <Item>
      <PriceUpdateDate>2020-01-17 05:35</PriceUpdateDate>
      <ItemCode>7296073393627</ItemCode>
      <ItemType>1</ItemType>
      <ItemName>נוזל כלים תפוח 24% 750מל</ItemName>
      <ManufacturerName>---</ManufacturerName>
      <ManufactureCountry>IL</ManufactureCountry>
      <ManufacturerItemDescription>נוזל כלים תפוח</ManufacturerItemDescription>
      <UnitQty>מיליליטרים</UnitQty>
      <Quantity>750.00</Quantity>
      <bIsWeighted>0</bIsWeighted>
      <UnitOfMeasure>100 מ"ל</UnitOfMeasure>
      <QtyInPackage>1</QtyInPackage>
      <ItemPrice>10.00</ItemPrice>
      <UnitOfMeasurePrice>1.33</UnitOfMeasurePrice>
      <AllowDiscount>1</AllowDiscount>
      <ItemStatus>1</ItemStatus>
    </Item>
    <Item>
      <PriceUpdateDate>2020-01-17 05:35</PriceUpdateDate>
      <ItemCode>7296073393641</ItemCode>
      <ItemType>1</ItemType>
      <ItemName>נוזל כלים תפוח+משאבה 1ל</ItemName>
      <ManufacturerName>---</ManufacturerName>
      <ManufactureCountry>IL</ManufactureCountry>
      <ManufacturerItemDescription>נוזל כלים תפוח</ManufacturerItemDescription>
      <UnitQty>ליטרים</UnitQty>
      <Quantity>1.00</Quantity>
      <bIsWeighted>0</bIsWeighted>
      <UnitOfMeasure>ליטר</UnitOfMeasure>
      <QtyInPackage>1</QtyInPackage>
      <ItemPrice>11.00</ItemPrice>
      <UnitOfMeasurePrice>11.00</UnitOfMeasurePrice>
      <AllowDiscount>1</AllowDiscount>
      <ItemStatus>1</ItemStatus>
    </Item>
    <Item>
      <PriceUpdateDate>2020-02-07 05:36</PriceUpdateDate>
      <ItemCode>7296073395157</ItemCode>
      <ItemType>1</ItemType>
      <ItemName>משקה אנרגיהFIREשופרסל250</ItemName>
      <ManufacturerName>אקו וויט</ManufacturerName>
      <ManufactureCountry>PL</ManufactureCountry>
      <ManufacturerItemDescription>משקה אנרגיה</ManufacturerItemDescription>
      <UnitQty>מיליליטרים</UnitQty>
      <Quantity>250.00</Quantity>
      <bIsWeighted>0</bIsWeighted>
      <UnitOfMeasure>100 מ"ל</UnitOfMeasure>
      <QtyInPackage>1</QtyInPackage>
      <ItemPrice>3.30</ItemPrice>
      <UnitOfMeasurePrice>1.32</UnitOfMeasurePrice>
      <AllowDiscount>1</AllowDiscount>
      <ItemStatus>1</ItemStatus>
    </Item>
    <Item>
      <PriceUpdateDate>2019-12-27 05:39</PriceUpdateDate>
      <ItemCode>7296073395805</ItemCode>
      <ItemType>1</ItemType>
      <ItemName>חמין עם בשר שופרסל 550 ג</ItemName>
      <ManufacturerName>סי.אי.פי מבוא חורון</ManufacturerName>
      <ManufactureCountry>IL</ManufactureCountry>
      <ManufacturerItemDescription>חמים עם בשר</ManufacturerItemDescription>
      <UnitQty>גרמים</UnitQty>
      <Quantity>550.00</Quantity>
      <bIsWeighted>0</bIsWeighted>
      <UnitOfMeasure>100 גרם</UnitOfMeasure>
      <QtyInPackage>1</QtyInPackage>
      <ItemPrice>29.90</ItemPrice>
      <UnitOfMeasurePrice>5.44</UnitOfMeasurePrice>
      <AllowDiscount>1</AllowDiscount>
      <ItemStatus>1</ItemStatus>
    </Item>
    <Item>
      <PriceUpdateDate>2020-01-31 05:37</PriceUpdateDate>
      <ItemCode>7296073396253</ItemCode>
      <ItemType>1</ItemType>
      <ItemName>כבל סנכרון וטעינה 2 מטר</ItemName>
      <ManufacturerName>בסט סין</ManufacturerName>
      <ManufactureCountry>CN</ManufactureCountry>
      <ManufacturerItemDescription>משטח כבל סנכרון</ManufacturerItemDescription>
      <UnitQty>יחידה</UnitQty>
      <Quantity>1.00</Quantity>
      <bIsWeighted>0</bIsWeighted>
      <UnitOfMeasure>יחידה</UnitOfMeasure>
      <QtyInPackage>1</QtyInPackage>
      <ItemPrice>14.90</ItemPrice>
      <UnitOfMeasurePrice>14.90</UnitOfMeasurePrice>
      <AllowDiscount>1</AllowDiscount>
      <ItemStatus>1</ItemStatus>
    </Item>
    <Item>
      <PriceUpdateDate>2020-02-14 05:36</PriceUpdateDate>
      <ItemCode>7296073396383</ItemCode>
      <ItemType>1</ItemType>
      <ItemName>סלט חומוס שופרסל 125 גרם</ItemName>
      <ManufacturerName>סלטי שמיר</ManufacturerName>
      <ManufactureCountry>IL</ManufactureCountry>
      <ManufacturerItemDescription>סלט חומוס</ManufacturerItemDescription>
      <UnitQty>גרמים</UnitQty>
      <Quantity>125.00</Quantity>
      <bIsWeighted>0</bIsWeighted>
      <UnitOfMeasure>100 גרם</UnitOfMeasure>
      <QtyInPackage>1</QtyInPackage>
      <ItemPrice>4.80</ItemPrice>
      <UnitOfMeasurePrice>3.84</UnitOfMeasurePrice>
      <AllowDiscount>1</AllowDiscount>
      <ItemStatus>1</ItemStatus>
    </Item>
    <Item>
      <PriceUpdateDate>2020-03-19 09:42</PriceUpdateDate>
      <ItemCode>7296073396604</ItemCode>
      <ItemType>1</ItemType>
      <ItemName>מאגדת שרבט תות 5 יח'</ItemName>
      <ManufacturerName>---</ManufacturerName>
      <ManufactureCountry>IL</ManufactureCountry>
      <ManufacturerItemDescription>מאגדת שרבט תות 5</ManufacturerItemDescription>
      <UnitQty>גרמים</UnitQty>
      <Quantity>350.00</Quantity>
      <bIsWeighted>0</bIsWeighted>
      <UnitOfMeasure>100 גרם</UnitOfMeasure>
      <QtyInPackage>1</QtyInPackage>
      <ItemPrice>24.90</ItemPrice>
      <UnitOfMeasurePrice>7.11</UnitOfMeasurePrice>
      <AllowDiscount>1</AllowDiscount>
      <ItemStatus>1</ItemStatus>
    </Item>
    <Item>
      <PriceUpdateDate>2020-05-14 13:39</PriceUpdateDate>
      <ItemCode>7296073396611</ItemCode>
      <ItemType>1</ItemType>
      <ItemName>מאגדת שרבט מנגו 5 יח'</ItemName>
      <ManufacturerName>---</ManufacturerName>
      <ManufactureCountry>IL</ManufactureCountry>
      <ManufacturerItemDescription>מאגדת שרבט מנגו</ManufacturerItemDescription>
      <UnitQty>גרמים</UnitQty>
      <Quantity>350.00</Quantity>
      <bIsWeighted>0</bIsWeighted>
      <UnitOfMeasure>100 גרם</UnitOfMeasure>
      <QtyInPackage>1</QtyInPackage>
      <ItemPrice>24.90</ItemPrice>
      <UnitOfMeasurePrice>7.11</UnitOfMeasurePrice>
      <AllowDiscount>1</AllowDiscount>
      <ItemStatus>1</ItemStatus>
    </Item>
    <Item>
      <PriceUpdateDate>2020-03-19 09:42</PriceUpdateDate>
      <ItemCode>7296073396635</ItemCode>
      <ItemType>1</ItemType>
      <ItemName>מאגדת שוקוביס 380גרם</ItemName>
      <ManufacturerName>---</ManufacturerName>
      <ManufactureCountry>IL</ManufactureCountry>
      <ManufacturerItemDescription>מאגדת שוקוביס</ManufacturerItemDescription>
      <UnitQty>גרמים</UnitQty>
      <Quantity>380.00</Quantity>
      <bIsWeighted>0</bIsWeighted>
      <UnitOfMeasure>100 גרם</UnitOfMeasure>
      <QtyInPackage>1</QtyInPackage>
      <ItemPrice>24.90</ItemPrice>
      <UnitOfMeasurePrice>6.55</UnitOfMeasurePrice>
      <AllowDiscount>1</AllowDiscount>
      <ItemStatus>1</ItemStatus>
    </Item>
    <Item>
      <PriceUpdateDate>2020-02-14 05:36</PriceUpdateDate>
      <ItemCode>7296073396888</ItemCode>
      <ItemType>1</ItemType>
      <ItemName>אריסה מרוקאית שופרסל250ג</ItemName>
      <ManufacturerName>---</ManufacturerName>
      <ManufactureCountry>IL</ManufactureCountry>
      <ManufacturerItemDescription>אריסה מרוקאית</ManufacturerItemDescription>
      <UnitQty>גרמים</UnitQty>
      <Quantity>250.00</Quantity>
      <bIsWeighted>0</bIsWeighted>
      <UnitOfMeasure>100 גרם</UnitOfMeasure>
      <QtyInPackage>1</QtyInPackage>
      <ItemPrice>13.90</ItemPrice>
      <UnitOfMeasurePrice>5.56</UnitOfMeasurePrice>
      <AllowDiscount>1</AllowDiscount>
      <ItemStatus>1</ItemStatus>
    </Item>
    <Item>
      <PriceUpdateDate>2020-02-14 05:36</PriceUpdateDate>
      <ItemCode>7296073396895</ItemCode>
      <ItemType>1</ItemType>
      <ItemName>סלט שום כתוש שופרסל250ג</ItemName>
      <ManufacturerName>---</ManufacturerName>
      <ManufactureCountry>IL</ManufactureCountry>
      <ManufacturerItemDescription>סלט שום כתוש</ManufacturerItemDescription>
      <UnitQty>גרמים</UnitQty>
      <Quantity>250.00</Quantity>
      <bIsWeighted>0</bIsWeighted>
      <UnitOfMeasure>100 גרם</UnitOfMeasure>
      <QtyInPackage>1</QtyInPackage>
      <ItemPrice>13.90</ItemPrice>
      <UnitOfMeasurePrice>5.56</UnitOfMeasurePrice>
      <AllowDiscount>1</AllowDiscount>
      <ItemStatus>1</ItemStatus>
    </Item>
    <Item>
      <PriceUpdateDate>2020-01-24 05:34</PriceUpdateDate>
      <ItemCode>7296073398189</ItemCode>
      <ItemType>1</ItemType>
      <ItemName>חמאה הולנדית שופרסל200גר</ItemName>
      <ManufacturerName>SPRL MATHOT</ManufacturerName>
      <ManufactureCountry>BE</ManufactureCountry>
      <ManufacturerItemDescription>חמאה הולנדית</ManufacturerItemDescription>
      <UnitQty>גרמים</UnitQty>
      <Quantity>200.00</Quantity>
      <bIsWeighted>0</bIsWeighted>
      <UnitOfMeasure>100 גרם</UnitOfMeasure>
      <QtyInPackage>1</QtyInPackage>
      <ItemPrice>7.60</ItemPrice>
      <UnitOfMeasurePrice>3.80</UnitOfMeasurePrice>
      <AllowDiscount>1</AllowDiscount>
      <ItemStatus>1</ItemStatus>
    </Item>
    <Item>
      <PriceUpdateDate>2020-01-10 05:39</PriceUpdateDate>
      <ItemCode>7296073398318</ItemCode>
      <ItemType>1</ItemType>
      <ItemName>טורטיה עם זרעי צ'יה320ג</ItemName>
      <ManufacturerName>---</ManufacturerName>
      <ManufactureCountry>RS</ManufactureCountry>
      <ManufacturerItemDescription>טורטיה</ManufacturerItemDescription>
      <UnitQty>גרמים</UnitQty>
      <Quantity>320.00</Quantity>
      <bIsWeighted>0</bIsWeighted>
      <UnitOfMeasure>100 גרם</UnitOfMeasure>
      <QtyInPackage>1</QtyInPackage>
      <ItemPrice>9.90</ItemPrice>
      <UnitOfMeasurePrice>3.09</UnitOfMeasurePrice>
      <AllowDiscount>1</AllowDiscount>
      <ItemStatus>1</ItemStatus>
    </Item>
    <Item>
      <PriceUpdateDate>2020-10-10 22:10</PriceUpdateDate>
      <ItemCode>7296073398509</ItemCode>
      <ItemType>1</ItemType>
      <ItemName>אצבעות שוקולד שופרסל200ג</ItemName>
      <ManufacturerName>---</ManufacturerName>
      <ManufactureCountry>FR</ManufactureCountry>
      <ManufacturerItemDescription>אצבעות שוקולד</ManufacturerItemDescription>
      <UnitQty>גרמים</UnitQty>
      <Quantity>200.00</Quantity>
      <bIsWeighted>0</bIsWeighted>
      <UnitOfMeasure>100 גרם</UnitOfMeasure>
      <QtyInPackage>1</QtyInPackage>
      <ItemPrice>10.00</ItemPrice>
      <UnitOfMeasurePrice>5.00</UnitOfMeasurePrice>
      <AllowDiscount>1</AllowDiscount>
      <ItemStatus>1</ItemStatus>
    </Item>
    <Item>
      <PriceUpdateDate>2020-07-29 08:36</PriceUpdateDate>
      <ItemCode>7296073398622</ItemCode>
      <ItemType>1</ItemType>
      <ItemName>סלט ביצים עם אבוקדו250ג</ItemName>
      <ManufacturerName>---</ManufacturerName>
      <ManufactureCountry>IL</ManufactureCountry>
      <ManufacturerItemDescription>סלט ביצים+אבוקדו</ManufacturerItemDescription>
      <UnitQty>גרמים</UnitQty>
      <Quantity>250.00</Quantity>
      <bIsWeighted>0</bIsWeighted>
      <UnitOfMeasure>100 גרם</UnitOfMeasure>
      <QtyInPackage>1</QtyInPackage>
      <ItemPrice>15.90</ItemPrice>
      <UnitOfMeasurePrice>6.36</UnitOfMeasurePrice>
      <AllowDiscount>1</AllowDiscount>
      <ItemStatus>1</ItemStatus>
    </Item>
    <Item>
      <PriceUpdateDate>2020-07-29 08:36</PriceUpdateDate>
      <ItemCode>7296073398639</ItemCode>
      <ItemType>1</ItemType>
      <ItemName>סלט ביצים 250 גרם</ItemName>
      <ManufacturerName>---</ManufacturerName>
      <ManufactureCountry>IL</ManufactureCountry>
      <ManufacturerItemDescription>סלט ביצים</ManufacturerItemDescription>
      <UnitQty>גרמים</UnitQty>
      <Quantity>250.00</Quantity>
      <bIsWeighted>0</bIsWeighted>
      <UnitOfMeasure>100 גרם</UnitOfMeasure>
      <QtyInPackage>1</QtyInPackage>
      <ItemPrice>15.90</ItemPrice>
      <UnitOfMeasurePrice>6.36</UnitOfMeasurePrice>
      <AllowDiscount>1</AllowDiscount>
      <ItemStatus>1</ItemStatus>
    </Item>
    <Item>
      <PriceUpdateDate>2020-07-29 08:36</PriceUpdateDate>
      <ItemCode>7296073398653</ItemCode>
      <ItemType>1</ItemType>
      <ItemName>סלט חציל בטעם כבד 250 גר</ItemName>
      <ManufacturerName>סלטי שמיר</ManufacturerName>
      <ManufactureCountry>IL</ManufactureCountry>
      <ManufacturerItemDescription>סלט חציל</ManufacturerItemDescription>
      <UnitQty>גרמים</UnitQty>
      <Quantity>250.00</Quantity>
      <bIsWeighted>0</bIsWeighted>
      <UnitOfMeasure>100 גרם</UnitOfMeasure>
      <QtyInPackage>1</QtyInPackage>
      <ItemPrice>11.90</ItemPrice>
      <UnitOfMeasurePrice>4.76</UnitOfMeasurePrice>
      <AllowDiscount>1</AllowDiscount>
      <ItemStatus>1</ItemStatus>
    </Item>
    <Item>
      <PriceUpdateDate>2020-07-29 08:36</PriceUpdateDate>
      <ItemCode>7296073398660</ItemCode>
      <ItemType>1</ItemType>
      <ItemName>סלט חציל תאילנדי 250 גרם</ItemName>
      <ManufacturerName>סלטי שמיר</ManufacturerName>
      <ManufactureCountry>IL</ManufactureCountry>
      <ManufacturerItemDescription>סלט חציל תאילנדי</ManufacturerItemDescription>
      <UnitQty>גרמים</UnitQty>
      <Quantity>250.00</Quantity>
      <bIsWeighted>0</bIsWeighted>
      <UnitOfMeasure>100 גרם</UnitOfMeasure>
      <QtyInPackage>1</QtyInPackage>
      <ItemPrice>11.90</ItemPrice>
      <UnitOfMeasurePrice>4.76</UnitOfMeasurePrice>
      <AllowDiscount>1</AllowDiscount>
      <ItemStatus>1</ItemStatus>
    </Item>
    <Item>
      <PriceUpdateDate>2020-04-24 05:36</PriceUpdateDate>
      <ItemCode>7296073398677</ItemCode>
      <ItemType>1</ItemType>
      <ItemName>סלט תירס מקסיקני 250 גרם</ItemName>
      <ManufacturerName>---</ManufacturerName>
      <ManufactureCountry>IL</ManufactureCountry>
      <ManufacturerItemDescription>סלט תירס מקסיקני</ManufacturerItemDescription>
      <UnitQty>גרמים</UnitQty>
      <Quantity>250.00</Quantity>
      <bIsWeighted>0</bIsWeighted>
      <UnitOfMeasure>100 גרם</UnitOfMeasure>
      <QtyInPackage>1</QtyInPackage>
      <ItemPrice>13.90</ItemPrice>
      <UnitOfMeasurePrice>5.56</UnitOfMeasurePrice>
      <AllowDiscount>1</AllowDiscount>
      <ItemStatus>1</ItemStatus>
    </Item>
    <Item>
      <PriceUpdateDate>2020-07-01 11:11</PriceUpdateDate>
      <ItemCode>7296073398684</ItemCode>
      <ItemType>1</ItemType>
      <ItemName>חציל במיונז שופרסל 250 ג</ItemName>
      <ManufacturerName>---</ManufacturerName>
      <ManufactureCountry>IL</ManufactureCountry>
      <ManufacturerItemDescription>סלט במיונז</ManufacturerItemDescription>
      <UnitQty>גרמים</UnitQty>
      <Quantity>250.00</Quantity>
      <bIsWeighted>0</bIsWeighted>
      <UnitOfMeasure>100 גרם</UnitOfMeasure>
      <QtyInPackage>1</QtyInPackage>
      <ItemPrice>9.90</ItemPrice>
      <UnitOfMeasurePrice>3.96</UnitOfMeasurePrice>
      <AllowDiscount>1</AllowDiscount>
      <ItemStatus>1</ItemStatus>
    </Item>
    <Item>
      <PriceUpdateDate>2020-07-01 11:11</PriceUpdateDate>
      <ItemCode>7296073398691</ItemCode>
      <ItemType>1</ItemType>
      <ItemName>חומוס אבו גוש שופרסל 250</ItemName>
      <ManufacturerName>---</ManufacturerName>
      <ManufactureCountry>IL</ManufactureCountry>
      <ManufacturerItemDescription>חומוס אבו גוש</ManufacturerItemDescription>
      <UnitQty>גרמים</UnitQty>
      <Quantity>250.00</Quantity>
      <bIsWeighted>0</bIsWeighted>
      <UnitOfMeasure>100 גרם</UnitOfMeasure>
      <QtyInPackage>1</QtyInPackage>
      <ItemPrice>9.90</ItemPrice>
      <UnitOfMeasurePrice>3.96</UnitOfMeasurePrice>
      <AllowDiscount>1</AllowDiscount>
      <ItemStatus>1</ItemStatus>
    </Item>
    <Item>
      <PriceUpdateDate>2020-07-01 11:11</PriceUpdateDate>
      <ItemCode>7296073398707</ItemCode>
      <ItemType>1</ItemType>
      <ItemName>חומוס מסבחה שופרסל 250 ג</ItemName>
      <ManufacturerName>---</ManufacturerName>
      <ManufactureCountry>IL</ManufactureCountry>
      <ManufacturerItemDescription>חומוס מסבחה</ManufacturerItemDescription>
      <UnitQty>גרמים</UnitQty>
      <Quantity>250.00</Quantity>
      <bIsWeighted>0</bIsWeighted>
      <UnitOfMeasure>100 גרם</UnitOfMeasure>
      <QtyInPackage>1</QtyInPackage>
      <ItemPrice>9.90</ItemPrice>
      <UnitOfMeasurePrice>3.96</UnitOfMeasurePrice>
      <AllowDiscount>1</AllowDiscount>
      <ItemStatus>1</ItemStatus>
    </Item>
    <Item>
      <PriceUpdateDate>2020-07-01 11:11</PriceUpdateDate>
      <ItemCode>7296073398714</ItemCode>
      <ItemType>1</ItemType>
      <ItemName>רצועות פלפל שופרסל 250 ג</ItemName>
      <ManufacturerName>---</ManufacturerName>
      <ManufactureCountry>IL</ManufactureCountry>
      <ManufacturerItemDescription>רצועות פלפל</ManufacturerItemDescription>
      <UnitQty>גרמים</UnitQty>
      <Quantity>250.00</Quantity>
      <bIsWeighted>0</bIsWeighted>
      <UnitOfMeasure>100 גרם</UnitOfMeasure>
      <QtyInPackage>1</QtyInPackage>
      <ItemPrice>9.90</ItemPrice>
      <UnitOfMeasurePrice>3.96</UnitOfMeasurePrice>
      <AllowDiscount>1</AllowDiscount>
      <ItemStatus>1</ItemStatus>
    </Item>
    <Item>
      <PriceUpdateDate>2020-05-01 05:36</PriceUpdateDate>
      <ItemCode>7296073398875</ItemCode>
      <ItemType>1</ItemType>
      <ItemName>קרם קרקר מופחת נתרן250ג</ItemName>
      <ManufacturerName>שופרסל</ManufacturerName>
      <ManufactureCountry>IL</ManufactureCountry>
      <ManufacturerItemDescription>קרם קרקר</ManufacturerItemDescription>
      <UnitQty>גרמים</UnitQty>
      <Quantity>250.00</Quantity>
      <bIsWeighted>0</bIsWeighted>
      <UnitOfMeasure>100 גרם</UnitOfMeasure>
      <QtyInPackage>1</QtyInPackage>
      <ItemPrice>8.70</ItemPrice>
      <UnitOfMeasurePrice>3.48</UnitOfMeasurePrice>
      <AllowDiscount>1</AllowDiscount>
      <ItemStatus>1</ItemStatus>
    </Item>
    <Item>
      <PriceUpdateDate>2020-05-22 05:36</PriceUpdateDate>
      <ItemCode>7296073398974</ItemCode>
      <ItemType>1</ItemType>
      <ItemName>רביעיית סוללות AA</ItemName>
      <ManufacturerName>בסט סין</ManufacturerName>
      <ManufactureCountry>CN</ManufactureCountry>
      <ManufacturerItemDescription>רביעיית סוללותAA</ManufacturerItemDescription>
      <UnitQty>יחידה</UnitQty>
      <Quantity>1.00</Quantity>
      <bIsWeighted>0</bIsWeighted>
      <UnitOfMeasure>יחידה</UnitOfMeasure>
      <QtyInPackage>1</QtyInPackage>
      <ItemPrice>9.90</ItemPrice>
      <UnitOfMeasurePrice>9.90</UnitOfMeasurePrice>
      <AllowDiscount>1</AllowDiscount>
      <ItemStatus>1</ItemStatus>
    </Item>
    <Item>
      <PriceUpdateDate>2020-05-22 05:36</PriceUpdateDate>
      <ItemCode>7296073398981</ItemCode>
      <ItemType>1</ItemType>
      <ItemName>רביעיית סוללות AAA</ItemName>
      <ManufacturerName>בסט סין</ManufacturerName>
      <ManufactureCountry>CN</ManufactureCountry>
      <ManufacturerItemDescription>רביעיית סוללות</ManufacturerItemDescription>
      <UnitQty>יחידה</UnitQty>
      <Quantity>1.00</Quantity>
      <bIsWeighted>0</bIsWeighted>
      <UnitOfMeasure>יחידה</UnitOfMeasure>
      <QtyInPackage>1</QtyInPackage>
      <ItemPrice>9.90</ItemPrice>
      <UnitOfMeasurePrice>9.90</UnitOfMeasurePrice>
      <AllowDiscount>1</AllowDiscount>
      <ItemStatus>1</ItemStatus>
    </Item>
    <Item>
      <PriceUpdateDate>2020-05-22 05:36</PriceUpdateDate>
      <ItemCode>7296073398998</ItemCode>
      <ItemType>1</ItemType>
      <ItemName>שמינייה סוללות AA</ItemName>
      <ManufacturerName>בסט סין</ManufacturerName>
      <ManufactureCountry>CN</ManufactureCountry>
      <ManufacturerItemDescription>שמינייה סוללות</ManufacturerItemDescription>
      <UnitQty>יחידה</UnitQty>
      <Quantity>1.00</Quantity>
      <bIsWeighted>0</bIsWeighted>
      <UnitOfMeasure>יחידה</UnitOfMeasure>
      <QtyInPackage>1</QtyInPackage>
      <ItemPrice>16.90</ItemPrice>
      <UnitOfMeasurePrice>16.90</UnitOfMeasurePrice>
      <AllowDiscount>1</AllowDiscount>
      <ItemStatus>1</ItemStatus>
    </Item>
    <Item>
      <PriceUpdateDate>2020-06-12 05:37</PriceUpdateDate>
      <ItemCode>7296073400011</ItemCode>
      <ItemType>1</ItemType>
      <ItemName>דבש טבעי שופרסל 1 ק"ג</ItemName>
      <ManufacturerName>כללי</ManufacturerName>
      <ManufactureCountry>ES</ManufactureCountry>
      <ManufacturerItemDescription>דבש טבעי</ManufacturerItemDescription>
      <UnitQty>קילוגרמים</UnitQty>
      <Quantity>1.00</Quantity>
      <bIsWeighted>0</bIsWeighted>
      <UnitOfMeasure>ק"ג</UnitOfMeasure>
      <QtyInPackage>1</QtyInPackage>
      <ItemPrice>41.90</ItemPrice>
      <UnitOfMeasurePrice>41.90</UnitOfMeasurePrice>
      <AllowDiscount>1</AllowDiscount>
      <ItemStatus>1</ItemStatus>
    </Item>
    <Item>
      <PriceUpdateDate>2020-07-01 11:11</PriceUpdateDate>
      <ItemCode>7296073401568</ItemCode>
      <ItemType>1</ItemType>
      <ItemName>סלט טחינה שופרסל 250 גרם</ItemName>
      <ManufacturerName>---</ManufacturerName>
      <ManufactureCountry>IL</ManufactureCountry>
      <ManufacturerItemDescription>סלט טחינה</ManufacturerItemDescription>
      <UnitQty>גרמים</UnitQty>
      <Quantity>250.00</Quantity>
      <bIsWeighted>0</bIsWeighted>
      <UnitOfMeasure>100 גרם</UnitOfMeasure>
      <QtyInPackage>1</QtyInPackage>
      <ItemPrice>9.90</ItemPrice>
      <UnitOfMeasurePrice>3.96</UnitOfMeasurePrice>
      <AllowDiscount>1</AllowDiscount>
      <ItemStatus>1</ItemStatus>
    </Item>
    <Item>
      <PriceUpdateDate>2020-07-01 11:11</PriceUpdateDate>
      <ItemCode>7296073401575</ItemCode>
      <ItemType>1</ItemType>
      <ItemName>חומוס מסעדות שופרסל250ג</ItemName>
      <ManufacturerName>---</ManufacturerName>
      <ManufactureCountry>IL</ManufactureCountry>
      <ManufacturerItemDescription>חומוס מסעדות</ManufacturerItemDescription>
      <UnitQty>גרמים</UnitQty>
      <Quantity>250.00</Quantity>
      <bIsWeighted>0</bIsWeighted>
      <UnitOfMeasure>100 גרם</UnitOfMeasure>
      <QtyInPackage>1</QtyInPackage>
      <ItemPrice>9.90</ItemPrice>
      <UnitOfMeasurePrice>3.96</UnitOfMeasurePrice>
      <AllowDiscount>1</AllowDiscount>
      <ItemStatus>1</ItemStatus>
    </Item>
    <Item>
      <PriceUpdateDate>2020-03-30 01:00</PriceUpdateDate>
      <ItemCode>7296073402824</ItemCode>
      <ItemType>1</ItemType>
      <ItemName>גל. וניל נטיפי שוקולד</ItemName>
      <ManufacturerName>---</ManufacturerName>
      <ManufactureCountry>IL</ManufactureCountry>
      <ManufacturerItemDescription>גל. וניל נטיפי ש</ManufacturerItemDescription>
      <UnitQty>ליטרים</UnitQty>
      <Quantity>1.40</Quantity>
      <bIsWeighted>0</bIsWeighted>
      <UnitOfMeasure>ליטר</UnitOfMeasure>
      <QtyInPackage>1</QtyInPackage>
      <ItemPrice>16.90</ItemPrice>
      <UnitOfMeasurePrice>12.07</UnitOfMeasurePrice>
      <AllowDiscount>1</AllowDiscount>
      <ItemStatus>1</ItemStatus>
    </Item>
    <Item>
      <PriceUpdateDate>2020-03-30 01:00</PriceUpdateDate>
      <ItemCode>7296073402879</ItemCode>
      <ItemType>1</ItemType>
      <ItemName>גלידה שוקו נוגט 1.4 ליטר</ItemName>
      <ManufacturerName>---</ManufacturerName>
      <ManufactureCountry>IL</ManufactureCountry>
      <ManufacturerItemDescription>גלידה שוקו נוגט</ManufacturerItemDescription>
      <UnitQty>ליטרים</UnitQty>
      <Quantity>1.40</Quantity>
      <bIsWeighted>0</bIsWeighted>
      <UnitOfMeasure>ליטר</UnitOfMeasure>
      <QtyInPackage>1</QtyInPackage>
      <ItemPrice>16.90</ItemPrice>
      <UnitOfMeasurePrice>12.07</UnitOfMeasurePrice>
      <AllowDiscount>1</AllowDiscount>
      <ItemStatus>1</ItemStatus>
    </Item>
    <Item>
      <PriceUpdateDate>2020-03-30 01:00</PriceUpdateDate>
      <ItemCode>7296073402886</ItemCode>
      <ItemType>1</ItemType>
      <ItemName>גל. וניל בטעם של פעם</ItemName>
      <ManufacturerName>---</ManufacturerName>
      <ManufactureCountry>IL</ManufactureCountry>
      <ManufacturerItemDescription>גל. וניל בטעם של</ManufacturerItemDescription>
      <UnitQty>ליטרים</UnitQty>
      <Quantity>1.40</Quantity>
      <bIsWeighted>0</bIsWeighted>
      <UnitOfMeasure>ליטר</UnitOfMeasure>
      <QtyInPackage>1</QtyInPackage>
      <ItemPrice>16.90</ItemPrice>
      <UnitOfMeasurePrice>12.07</UnitOfMeasurePrice>
      <AllowDiscount>1</AllowDiscount>
      <ItemStatus>1</ItemStatus>
    </Item>
    <Item>
      <PriceUpdateDate>2020-03-30 01:00</PriceUpdateDate>
      <ItemCode>7296073402893</ItemCode>
      <ItemType>1</ItemType>
      <ItemName>גלידה וניל קפוצ'ינו 1.4</ItemName>
      <ManufacturerName>---</ManufacturerName>
      <ManufactureCountry>IL</ManufactureCountry>
      <ManufacturerItemDescription>גלידה וניל קפוצ'</ManufacturerItemDescription>
      <UnitQty>ליטרים</UnitQty>
      <Quantity>1.40</Quantity>
      <bIsWeighted>0</bIsWeighted>
      <UnitOfMeasure>ליטר</UnitOfMeasure>
      <QtyInPackage>1</QtyInPackage>
      <ItemPrice>16.90</ItemPrice>
      <UnitOfMeasurePrice>12.07</UnitOfMeasurePrice>
      <AllowDiscount>1</AllowDiscount>
      <ItemStatus>1</ItemStatus>
    </Item>
    <Item>
      <PriceUpdateDate>2020-06-08 08:30</PriceUpdateDate>
      <ItemCode>7296073404279</ItemCode>
      <ItemType>1</ItemType>
      <ItemName>צלחת גדולה 1 ק"ג כ66- יח</ItemName>
      <ManufacturerName>כללי</ManufacturerName>
      <ManufactureCountry>GR</ManufactureCountry>
      <ManufacturerItemDescription>צלחת חד פעמית</ManufacturerItemDescription>
      <UnitQty>יחידה</UnitQty>
      <Quantity>1.00</Quantity>
      <bIsWeighted>0</bIsWeighted>
      <UnitOfMeasure>יחידה</UnitOfMeasure>
      <QtyInPackage>1</QtyInPackage>
      <ItemPrice>22.90</ItemPrice>
      <UnitOfMeasurePrice>22.90</UnitOfMeasurePrice>
      <AllowDiscount>1</AllowDiscount>
      <ItemStatus>1</ItemStatus>
    </Item>
    <Item>
      <PriceUpdateDate>2020-05-15 05:36</PriceUpdateDate>
      <ItemCode>7296073405467</ItemCode>
      <ItemType>1</ItemType>
      <ItemName>שקיות אשפה חזקות ענקיות</ItemName>
      <ManufacturerName>---</ManufacturerName>
      <ManufactureCountry>IL</ManufactureCountry>
      <ManufacturerItemDescription>שקיות אשפה</ManufacturerItemDescription>
      <UnitQty>יחידה</UnitQty>
      <Quantity>1.00</Quantity>
      <bIsWeighted>0</bIsWeighted>
      <UnitOfMeasure>יחידה</UnitOfMeasure>
      <QtyInPackage>1</QtyInPackage>
      <ItemPrice>21.90</ItemPrice>
      <UnitOfMeasurePrice>21.90</UnitOfMeasurePrice>
      <AllowDiscount>1</AllowDiscount>
      <ItemStatus>1</ItemStatus>
    </Item>
    <Item>
      <PriceUpdateDate>2020-05-15 05:36</PriceUpdateDate>
      <ItemCode>7296073405481</ItemCode>
      <ItemType>1</ItemType>
      <ItemName>שקיות אשפה חזקות ענקיות</ItemName>
      <ManufacturerName>---</ManufacturerName>
      <ManufactureCountry>IL</ManufactureCountry>
      <ManufacturerItemDescription>שקיות אשפה</ManufacturerItemDescription>
      <UnitQty>יחידה</UnitQty>
      <Quantity>1.00</Quantity>
      <bIsWeighted>0</bIsWeighted>
      <UnitOfMeasure>יחידה</UnitOfMeasure>
      <QtyInPackage>1</QtyInPackage>
      <ItemPrice>21.90</ItemPrice>
      <UnitOfMeasurePrice>21.90</UnitOfMeasurePrice>
      <AllowDiscount>1</AllowDiscount>
      <ItemStatus>1</ItemStatus>
    </Item>
    <Item>
      <PriceUpdateDate>2020-05-05 09:23</PriceUpdateDate>
      <ItemCode>7296073406594</ItemCode>
      <ItemType>1</ItemType>
      <ItemName>לחמניות כוסמין שופרסל6י</ItemName>
      <ManufacturerName>---</ManufacturerName>
      <ManufactureCountry>IL</ManufactureCountry>
      <ManufacturerItemDescription>לחמניות כוסמין</ManufacturerItemDescription>
      <UnitQty>גרמים</UnitQty>
      <Quantity>450.00</Quantity>
      <bIsWeighted>0</bIsWeighted>
      <UnitOfMeasure>100 גרם</UnitOfMeasure>
      <QtyInPackage>1</QtyInPackage>
      <ItemPrice>13.90</ItemPrice>
      <UnitOfMeasurePrice>3.09</UnitOfMeasurePrice>
      <AllowDiscount>1</AllowDiscount>
      <ItemStatus>1</ItemStatus>
    </Item>
    <Item>
      <PriceUpdateDate>2020-05-28 05:35</PriceUpdateDate>
      <ItemCode>7296073408758</ItemCode>
      <ItemType>1</ItemType>
      <ItemName>עוגת גבינה פרורי עוג92*2</ItemName>
      <ManufacturerName>---</ManufacturerName>
      <ManufactureCountry>IL</ManufactureCountry>
      <ManufacturerItemDescription>עוגת גבינה 2 יח</ManufacturerItemDescription>
      <UnitQty>גרמים</UnitQty>
      <Quantity>184.00</Quantity>
      <bIsWeighted>0</bIsWeighted>
      <UnitOfMeasure>100 גרם</UnitOfMeasure>
      <QtyInPackage>1</QtyInPackage>
      <ItemPrice>12.90</ItemPrice>
      <UnitOfMeasurePrice>7.01</UnitOfMeasurePrice>
      <AllowDiscount>1</AllowDiscount>
      <ItemStatus>1</ItemStatus>
    </Item>
    <Item>
      <PriceUpdateDate>2020-04-24 05:36</PriceUpdateDate>
      <ItemCode>7296073408888</ItemCode>
      <ItemType>1</ItemType>
      <ItemName>נייר אפייה 50 יחידות 42X</ItemName>
      <ManufacturerName>כללי</ManufacturerName>
      <ManufactureCountry>CN</ManufactureCountry>
      <ManufacturerItemDescription>נייר אפייה</ManufacturerItemDescription>
      <UnitQty>יחידה</UnitQty>
      <Quantity>1.00</Quantity>
      <bIsWeighted>0</bIsWeighted>
      <UnitOfMeasure>יחידה</UnitOfMeasure>
      <QtyInPackage>1</QtyInPackage>
      <ItemPrice>9.90</ItemPrice>
      <UnitOfMeasurePrice>9.90</UnitOfMeasurePrice>
      <AllowDiscount>1</AllowDiscount>
      <ItemStatus>1</ItemStatus>
    </Item>
    <Item>
      <PriceUpdateDate>2020-05-28 05:35</PriceUpdateDate>
      <ItemCode>7296073409649</ItemCode>
      <ItemType>1</ItemType>
      <ItemName>גב.עיזים הולנד שופרסל200</ItemName>
      <ManufacturerName>B.V KAAS HAZELEGER</ManufacturerName>
      <ManufactureCountry>NL</ManufactureCountry>
      <ManufacturerItemDescription>גבינת עיזים</ManufacturerItemDescription>
      <UnitQty>גרמים</UnitQty>
      <Quantity>200.00</Quantity>
      <bIsWeighted>0</bIsWeighted>
      <UnitOfMeasure>100 גרם</UnitOfMeasure>
      <QtyInPackage>1</QtyInPackage>
      <ItemPrice>22.90</ItemPrice>
      <UnitOfMeasurePrice>11.45</UnitOfMeasurePrice>
      <AllowDiscount>1</AllowDiscount>
      <ItemStatus>1</ItemStatus>
    </Item>
    <Item>
      <PriceUpdateDate>2020-10-06 08:39</PriceUpdateDate>
      <ItemCode>7296073413233</ItemCode>
      <ItemType>1</ItemType>
      <ItemName>חסה עגולה ארוזה</ItemName>
      <ManufacturerName>משק אסף פרחי בע"מ</ManufacturerName>
      <ManufactureCountry>IL</ManufactureCountry>
      <ManufacturerItemDescription>חסה עגולה</ManufacturerItemDescription>
      <UnitQty>יחידה</UnitQty>
      <Quantity>1.00</Quantity>
      <bIsWeighted>0</bIsWeighted>
      <UnitOfMeasure>יחידה</UnitOfMeasure>
      <QtyInPackage>1</QtyInPackage>
      <ItemPrice>7.90</ItemPrice>
      <UnitOfMeasurePrice>7.90</UnitOfMeasurePrice>
      <AllowDiscount>1</AllowDiscount>
      <ItemStatus>1</ItemStatus>
    </Item>
    <Item>
      <PriceUpdateDate>2020-10-12 07:25</PriceUpdateDate>
      <ItemCode>7296073413257</ItemCode>
      <ItemType>1</ItemType>
      <ItemName>חסה לבבות</ItemName>
      <ManufacturerName>משק אסף פרחי בע"מ</ManufacturerName>
      <ManufactureCountry>IL</ManufactureCountry>
      <ManufacturerItemDescription>חסה לבבות</ManufacturerItemDescription>
      <UnitQty>יחידה</UnitQty>
      <Quantity>1.00</Quantity>
      <bIsWeighted>0</bIsWeighted>
      <UnitOfMeasure>יחידה</UnitOfMeasure>
      <QtyInPackage>1</QtyInPackage>
      <ItemPrice>9.90</ItemPrice>
      <UnitOfMeasurePrice>9.90</UnitOfMeasurePrice>
      <AllowDiscount>1</AllowDiscount>
      <ItemStatus>1</ItemStatus>
    </Item>
    <Item>
      <PriceUpdateDate>2020-07-10 05:40</PriceUpdateDate>
      <ItemCode>7296073415435</ItemCode>
      <ItemType>1</ItemType>
      <ItemName>קציצות דגים ברוטב חריימה</ItemName>
      <ManufacturerName>סי.אי.פי מבוא חורון</ManufacturerName>
      <ManufactureCountry>IL</ManufactureCountry>
      <ManufacturerItemDescription>קציצות דגים חריי</ManufacturerItemDescription>
      <UnitQty>גרמים</UnitQty>
      <Quantity>600.00</Quantity>
      <bIsWeighted>0</bIsWeighted>
      <UnitOfMeasure>100 גרם</UnitOfMeasure>
      <QtyInPackage>1</QtyInPackage>
      <ItemPrice>29.90</ItemPrice>
      <UnitOfMeasurePrice>4.98</UnitOfMeasurePrice>
      <AllowDiscount>1</AllowDiscount>
      <ItemStatus>1</ItemStatus>
    </Item>
    <Item>
      <PriceUpdateDate>2020-07-10 05:40</PriceUpdateDate>
      <ItemCode>7296073415442</ItemCode>
      <ItemType>1</ItemType>
      <ItemName>שוקי עוף בירקות 650 גר</ItemName>
      <ManufacturerName>סי.אי.פי מבוא חורון</ManufacturerName>
      <ManufactureCountry>IL</ManufactureCountry>
      <ManufacturerItemDescription>שוקי עוף בירקות</ManufacturerItemDescription>
      <UnitQty>גרמים</UnitQty>
      <Quantity>650.00</Quantity>
      <bIsWeighted>0</bIsWeighted>
      <UnitOfMeasure>100 גרם</UnitOfMeasure>
      <QtyInPackage>1</QtyInPackage>
      <ItemPrice>29.90</ItemPrice>
      <UnitOfMeasurePrice>4.60</UnitOfMeasurePrice>
      <AllowDiscount>1</AllowDiscount>
      <ItemStatus>1</ItemStatus>
    </Item>
    <Item>
      <PriceUpdateDate>2020-09-15 05:58</PriceUpdateDate>
      <ItemCode>7296073417422</ItemCode>
      <ItemType>1</ItemType>
      <ItemName>מלפפון בייבי</ItemName>
      <ManufacturerName>משק גל</ManufacturerName>
      <ManufactureCountry>IL</ManufactureCountry>
      <ManufacturerItemDescription>מלפפון בייבי</ManufacturerItemDescription>
      <UnitQty>גרמים</UnitQty>
      <Quantity>350.00</Quantity>
      <bIsWeighted>0</bIsWeighted>
      <UnitOfMeasure>100 גרם</UnitOfMeasure>
      <QtyInPackage>1</QtyInPackage>
      <ItemPrice>9.90</ItemPrice>
      <UnitOfMeasurePrice>2.83</UnitOfMeasurePrice>
      <AllowDiscount>1</AllowDiscount>
      <ItemStatus>1</ItemStatus>
    </Item>
    <Item>
      <PriceUpdateDate>2018-09-12 14:25</PriceUpdateDate>
      <ItemCode>72961506</ItemCode>
      <ItemType>1</ItemType>
      <ItemName>פרילי תות 1.5% 125 גרם</ItemName>
      <ManufacturerName>מחלבת אלון תבור</ManufacturerName>
      <ManufactureCountry>IL</ManufactureCountry>
      <ManufacturerItemDescription>פרילי תות</ManufacturerItemDescription>
      <UnitQty>גרמים</UnitQty>
      <Quantity>125.00</Quantity>
      <bIsWeighted>0</bIsWeighted>
      <UnitOfMeasure>100 גרם</UnitOfMeasure>
      <QtyInPackage>0</QtyInPackage>
      <ItemPrice>3.70</ItemPrice>
      <UnitOfMeasurePrice>2.96</UnitOfMeasurePrice>
      <AllowDiscount>1</AllowDiscount>
      <ItemStatus>1</ItemStatus>
    </Item>
    <Item>
      <PriceUpdateDate>2018-09-12 14:25</PriceUpdateDate>
      <ItemCode>72961513</ItemCode>
      <ItemType>1</ItemType>
      <ItemName>פרילי משמש 125 מ"ל</ItemName>
      <ManufacturerName>מחלבת אלון תבור</ManufacturerName>
      <ManufactureCountry>IL</ManufactureCountry>
      <ManufacturerItemDescription>פרילי משמש</ManufacturerItemDescription>
      <UnitQty>מיליליטרים</UnitQty>
      <Quantity>125.00</Quantity>
      <bIsWeighted>0</bIsWeighted>
      <UnitOfMeasure>100 מ"ל</UnitOfMeasure>
      <QtyInPackage>0</QtyInPackage>
      <ItemPrice>3.70</ItemPrice>
      <UnitOfMeasurePrice>2.96</UnitOfMeasurePrice>
      <AllowDiscount>1</AllowDiscount>
      <ItemStatus>1</ItemStatus>
    </Item>
    <Item>
      <PriceUpdateDate>2018-09-12 14:25</PriceUpdateDate>
      <ItemCode>72961520</ItemCode>
      <ItemType>1</ItemType>
      <ItemName>פרילי אננס 1.5% 125 גרם</ItemName>
      <ManufacturerName>מחלבת אלון תבור</ManufacturerName>
      <ManufactureCountry>IL</ManufactureCountry>
      <ManufacturerItemDescription>פרילי אננס 1.5%</ManufacturerItemDescription>
      <UnitQty>גרמים</UnitQty>
      <Quantity>125.00</Quantity>
      <bIsWeighted>0</bIsWeighted>
      <UnitOfMeasure>100 גרם</UnitOfMeasure>
      <QtyInPackage>0</QtyInPackage>
      <ItemPrice>3.70</ItemPrice>
      <UnitOfMeasurePrice>2.96</UnitOfMeasurePrice>
      <AllowDiscount>1</AllowDiscount>
      <ItemStatus>1</ItemStatus>
    </Item>
    <Item>
      <PriceUpdateDate>2018-09-12 14:25</PriceUpdateDate>
      <ItemCode>72961544</ItemCode>
      <ItemType>1</ItemType>
      <ItemName>באדי תות 3% 125 גרם</ItemName>
      <ManufacturerName>מחלבת אלון תבור</ManufacturerName>
      <ManufactureCountry>IL</ManufactureCountry>
      <ManufacturerItemDescription>מעדן באדי תות 3%</ManufacturerItemDescription>
      <UnitQty>גרמים</UnitQty>
      <Quantity>125.00</Quantity>
      <bIsWeighted>0</bIsWeighted>
      <UnitOfMeasure>100 גרם</UnitOfMeasure>
      <QtyInPackage>0</QtyInPackage>
      <ItemPrice>3.00</ItemPrice>
      <UnitOfMeasurePrice>2.40</UnitOfMeasurePrice>
      <AllowDiscount>1</AllowDiscount>
      <ItemStatus>1</ItemStatus>
    </Item>
    <Item>
      <PriceUpdateDate>2019-06-19 08:00</PriceUpdateDate>
      <ItemCode>72963104</ItemCode>
      <ItemType>1</ItemType>
      <ItemName>חמאה 100 גרם</ItemName>
      <ManufacturerName>תנובה</ManufacturerName>
      <ManufactureCountry>IL</ManufactureCountry>
      <ManufacturerItemDescription>חמאה</ManufacturerItemDescription>
      <UnitQty>גרמים</UnitQty>
      <Quantity>100.00</Quantity>
      <bIsWeighted>0</bIsWeighted>
      <UnitOfMeasure>100 גרם</UnitOfMeasure>
      <QtyInPackage>0</QtyInPackage>
      <ItemPrice>3.94</ItemPrice>
      <UnitOfMeasurePrice>3.94</UnitOfMeasurePrice>
      <AllowDiscount>1</AllowDiscount>
      <ItemStatus>1</ItemStatus>
    </Item>
    <Item>
      <PriceUpdateDate>2018-09-12 14:25</PriceUpdateDate>
      <ItemCode>72963753</ItemCode>
      <ItemType>1</ItemType>
      <ItemName>שמ.של פעם חמוצה27% 200ג</ItemName>
      <ManufacturerName>תנובה</ManufacturerName>
      <ManufactureCountry>IL</ManufactureCountry>
      <ManufacturerItemDescription>שמנת חמוצה תנובה</ManufacturerItemDescription>
      <UnitQty>גרמים</UnitQty>
      <Quantity>200.00</Quantity>
      <bIsWeighted>0</bIsWeighted>
      <UnitOfMeasure>100 גרם</UnitOfMeasure>
      <QtyInPackage>0</QtyInPackage>
      <ItemPrice>4.00</ItemPrice>
      <UnitOfMeasurePrice>2.00</UnitOfMeasurePrice>
      <AllowDiscount>1</AllowDiscount>
      <ItemStatus>1</ItemStatus>
    </Item>
    <Item>
      <PriceUpdateDate>2018-09-12 14:25</PriceUpdateDate>
      <ItemCode>72964422</ItemCode>
      <ItemType>1</ItemType>
      <ItemName>יוגורט תנובה 4.5% 200מ"ל</ItemName>
      <ManufacturerName>תנובה</ManufacturerName>
      <ManufactureCountry>IL</ManufactureCountry>
      <ManufacturerItemDescription>יוגורט תנובה4.5%</ManufacturerItemDescription>
      <UnitQty>מיליליטרים</UnitQty>
      <Quantity>200.00</Quantity>
      <bIsWeighted>0</bIsWeighted>
      <UnitOfMeasure>100 מ"ל</UnitOfMeasure>
      <QtyInPackage>0</QtyInPackage>
      <ItemPrice>3.00</ItemPrice>
      <UnitOfMeasurePrice>1.50</UnitOfMeasurePrice>
      <AllowDiscount>1</AllowDiscount>
      <ItemStatus>1</ItemStatus>
    </Item>
    <Item>
      <PriceUpdateDate>2015-10-13 09:44</PriceUpdateDate>
      <ItemCode>72983997</ItemCode>
      <ItemType>1</ItemType>
      <ItemName>גולף גולד</ItemName>
      <ManufacturerName />
      <ManufactureCountry />
      <ManufacturerItemDescription>גולף גולד</ManufacturerItemDescription>
      <UnitQty>יחידה</UnitQty>
      <Quantity>1.00</Quantity>
      <bIsWeighted>0</bIsWeighted>
      <UnitOfMeasure>יחידה</UnitOfMeasure>
      <QtyInPackage>0</QtyInPackage>
      <ItemPrice>28.50</ItemPrice>
      <UnitOfMeasurePrice>28.50</UnitOfMeasurePrice>
      <AllowDiscount>0</AllowDiscount>
      <ItemStatus>1</ItemStatus>
    </Item>
    <Item>
      <PriceUpdateDate>2015-10-13 09:44</PriceUpdateDate>
      <ItemCode>72984000</ItemCode>
      <ItemType>1</ItemType>
      <ItemName>גולף סילבר</ItemName>
      <ManufacturerName />
      <ManufactureCountry />
      <ManufacturerItemDescription>גולף סילבר</ManufacturerItemDescription>
      <UnitQty>יחידה</UnitQty>
      <Quantity>1.00</Quantity>
      <bIsWeighted>0</bIsWeighted>
      <UnitOfMeasure>יחידה</UnitOfMeasure>
      <QtyInPackage>0</QtyInPackage>
      <ItemPrice>28.50</ItemPrice>
      <UnitOfMeasurePrice>28.50</UnitOfMeasurePrice>
      <AllowDiscount>0</AllowDiscount>
      <ItemStatus>1</ItemStatus>
    </Item>
    <Item>
      <PriceUpdateDate>2019-12-16 11:39</PriceUpdateDate>
      <ItemCode>72986370</ItemCode>
      <ItemType>1</ItemType>
      <ItemName>גל.וניל צרפתי כשל"פ</ItemName>
      <ManufacturerName>מוצרי איכות אמריקאיים</ManufacturerName>
      <ManufactureCountry>IL</ManufactureCountry>
      <ManufacturerItemDescription>גלידה בן &amp; ג'ריס</ManufacturerItemDescription>
      <UnitQty>מיליליטרים</UnitQty>
      <Quantity>500.00</Quantity>
      <bIsWeighted>0</bIsWeighted>
      <UnitOfMeasure>100 מ"ל</UnitOfMeasure>
      <QtyInPackage>0</QtyInPackage>
      <ItemPrice>24.90</ItemPrice>
      <UnitOfMeasurePrice>4.98</UnitOfMeasurePrice>
      <AllowDiscount>1</AllowDiscount>
      <ItemStatus>1</ItemStatus>
    </Item>
    <Item>
      <PriceUpdateDate>2019-12-16 11:39</PriceUpdateDate>
      <ItemCode>72986424</ItemCode>
      <ItemType>1</ItemType>
      <ItemName>גל.קרם עוגיות 500 מ"ל</ItemName>
      <ManufacturerName>מוצרי איכות אמריקאיים בע</ManufacturerName>
      <ManufactureCountry>IL</ManufactureCountry>
      <ManufacturerItemDescription>גלידה בן &amp; ג'ר</ManufacturerItemDescription>
      <UnitQty>מיליליטרים</UnitQty>
      <Quantity>500.00</Quantity>
      <bIsWeighted>0</bIsWeighted>
      <UnitOfMeasure>100 מ"ל</UnitOfMeasure>
      <QtyInPackage>0</QtyInPackage>
      <ItemPrice>24.90</ItemPrice>
      <UnitOfMeasurePrice>4.98</UnitOfMeasurePrice>
      <AllowDiscount>1</AllowDiscount>
      <ItemStatus>1</ItemStatus>
    </Item>
    <Item>
      <PriceUpdateDate>2019-12-16 11:39</PriceUpdateDate>
      <ItemCode>72986455</ItemCode>
      <ItemType>1</ItemType>
      <ItemName>גלידת שוקולד פאדג'אגוזים</ItemName>
      <ManufacturerName>מוצרי איכות אמריקאיים בע</ManufacturerName>
      <ManufactureCountry>IL</ManufactureCountry>
      <ManufacturerItemDescription>גלידה בן &amp; ג'ר</ManufacturerItemDescription>
      <UnitQty>מיליליטרים</UnitQty>
      <Quantity>500.00</Quantity>
      <bIsWeighted>0</bIsWeighted>
      <UnitOfMeasure>100 מ"ל</UnitOfMeasure>
      <QtyInPackage>0</QtyInPackage>
      <ItemPrice>24.90</ItemPrice>
      <UnitOfMeasurePrice>4.98</UnitOfMeasurePrice>
      <AllowDiscount>1</AllowDiscount>
      <ItemStatus>1</ItemStatus>
    </Item>
    <Item>
      <PriceUpdateDate>2019-12-16 11:39</PriceUpdateDate>
      <ItemCode>72986479</ItemCode>
      <ItemType>1</ItemType>
      <ItemName>גל.צ'אנקי מאנקי כשל"פ</ItemName>
      <ManufacturerName>מוצרי איכות אמריקאיים בע</ManufacturerName>
      <ManufactureCountry>IL</ManufactureCountry>
      <ManufacturerItemDescription>גלידה בן &amp; ג'ר</ManufacturerItemDescription>
      <UnitQty>מיליליטרים</UnitQty>
      <Quantity>500.00</Quantity>
      <bIsWeighted>0</bIsWeighted>
      <UnitOfMeasure>100 מ"ל</UnitOfMeasure>
      <QtyInPackage>0</QtyInPackage>
      <ItemPrice>24.90</ItemPrice>
      <UnitOfMeasurePrice>4.98</UnitOfMeasurePrice>
      <AllowDiscount>1</AllowDiscount>
      <ItemStatus>1</ItemStatus>
    </Item>
    <Item>
      <PriceUpdateDate>2015-09-30 08:01</PriceUpdateDate>
      <ItemCode>72989395</ItemCode>
      <ItemType>1</ItemType>
      <ItemName>טילון קרם עוגיות יח</ItemName>
      <ManufacturerName>מוצרי איכות אמריקאיים</ManufacturerName>
      <ManufactureCountry>IL</ManufactureCountry>
      <ManufacturerItemDescription>טילון קרם עוגי</ManufacturerItemDescription>
      <UnitQty>יחידה</UnitQty>
      <Quantity>1.00</Quantity>
      <bIsWeighted>0</bIsWeighted>
      <UnitOfMeasure>יחידה</UnitOfMeasure>
      <QtyInPackage>0</QtyInPackage>
      <ItemPrice>9.90</ItemPrice>
      <UnitOfMeasurePrice>9.90</UnitOfMeasurePrice>
      <AllowDiscount>1</AllowDiscount>
      <ItemStatus>1</ItemStatus>
    </Item>
    <Item>
      <PriceUpdateDate>2015-10-13 09:44</PriceUpdateDate>
      <ItemCode>72991374</ItemCode>
      <ItemType>1</ItemType>
      <ItemName>טיים רד</ItemName>
      <ManufacturerName />
      <ManufactureCountry>IL</ManufactureCountry>
      <ManufacturerItemDescription>טיים רד</ManufacturerItemDescription>
      <UnitQty>יחידה</UnitQty>
      <Quantity>1.00</Quantity>
      <bIsWeighted>0</bIsWeighted>
      <UnitOfMeasure>יחידה</UnitOfMeasure>
      <QtyInPackage>0</QtyInPackage>
      <ItemPrice>27.50</ItemPrice>
      <UnitOfMeasurePrice>27.50</UnitOfMeasurePrice>
      <AllowDiscount>0</AllowDiscount>
      <ItemStatus>1</ItemStatus>
    </Item>
    <Item>
      <PriceUpdateDate>2015-10-13 09:44</PriceUpdateDate>
      <ItemCode>72991381</ItemCode>
      <ItemType>1</ItemType>
      <ItemName>טיים רד ארוך</ItemName>
      <ManufacturerName />
      <ManufactureCountry>IL</ManufactureCountry>
      <ManufacturerItemDescription>טיים רד ארוך</ManufacturerItemDescription>
      <UnitQty>יחידה</UnitQty>
      <Quantity>1.00</Quantity>
      <bIsWeighted>0</bIsWeighted>
      <UnitOfMeasure>יחידה</UnitOfMeasure>
      <QtyInPackage>0</QtyInPackage>
      <ItemPrice>27.50</ItemPrice>
      <UnitOfMeasurePrice>27.50</UnitOfMeasurePrice>
      <AllowDiscount>0</AllowDiscount>
      <ItemStatus>1</ItemStatus>
    </Item>
    <Item>
      <PriceUpdateDate>2019-12-31 12:23</PriceUpdateDate>
      <ItemCode>72991404</ItemCode>
      <ItemType>1</ItemType>
      <ItemName>אירופה</ItemName>
      <ManufacturerName />
      <ManufactureCountry>IL</ManufactureCountry>
      <ManufacturerItemDescription>אירופה</ManufacturerItemDescription>
      <UnitQty>יחידה</UnitQty>
      <Quantity>1.00</Quantity>
      <bIsWeighted>0</bIsWeighted>
      <UnitOfMeasure>יחידה</UnitOfMeasure>
      <QtyInPackage>0</QtyInPackage>
      <ItemPrice>27.50</ItemPrice>
      <UnitOfMeasurePrice>27.50</UnitOfMeasurePrice>
      <AllowDiscount>0</AllowDiscount>
      <ItemStatus>1</ItemStatus>
    </Item>
    <Item>
      <PriceUpdateDate>2015-10-13 09:44</PriceUpdateDate>
      <ItemCode>72991459</ItemCode>
      <ItemType>1</ItemType>
      <ItemName>גולף 80</ItemName>
      <ManufacturerName />
      <ManufactureCountry>IL</ManufactureCountry>
      <ManufacturerItemDescription>גולף 80</ManufacturerItemDescription>
      <UnitQty>יחידה</UnitQty>
      <Quantity>1.00</Quantity>
      <bIsWeighted>0</bIsWeighted>
      <UnitOfMeasure>יחידה</UnitOfMeasure>
      <QtyInPackage>0</QtyInPackage>
      <ItemPrice>28.50</ItemPrice>
      <UnitOfMeasurePrice>28.50</UnitOfMeasurePrice>
      <AllowDiscount>0</AllowDiscount>
      <ItemStatus>1</ItemStatus>
    </Item>
    <Item>
      <PriceUpdateDate>2015-10-13 09:44</PriceUpdateDate>
      <ItemCode>72991466</ItemCode>
      <ItemType>1</ItemType>
      <ItemName>גולף GOLD 100</ItemName>
      <ManufacturerName />
      <ManufactureCountry>IL</ManufactureCountry>
      <ManufacturerItemDescription>גולף GOLD 100</ManufacturerItemDescription>
      <UnitQty>יחידה</UnitQty>
      <Quantity>1.00</Quantity>
      <bIsWeighted>0</bIsWeighted>
      <UnitOfMeasure>יחידה</UnitOfMeasure>
      <QtyInPackage>0</QtyInPackage>
      <ItemPrice>28.50</ItemPrice>
      <UnitOfMeasurePrice>28.50</UnitOfMeasurePrice>
      <AllowDiscount>0</AllowDiscount>
      <ItemStatus>1</ItemStatus>
    </Item>
    <Item>
      <PriceUpdateDate>2019-12-31 12:23</PriceUpdateDate>
      <ItemCode>72991473</ItemCode>
      <ItemType>1</ItemType>
      <ItemName>שרתון יחידה</ItemName>
      <ManufacturerName />
      <ManufactureCountry>IL</ManufactureCountry>
      <ManufacturerItemDescription>שרתון יחידה</ManufacturerItemDescription>
      <UnitQty>יחידה</UnitQty>
      <Quantity>1.00</Quantity>
      <bIsWeighted>0</bIsWeighted>
      <UnitOfMeasure>יחידה</UnitOfMeasure>
      <QtyInPackage>0</QtyInPackage>
      <ItemPrice>27.50</ItemPrice>
      <UnitOfMeasurePrice>27.50</UnitOfMeasurePrice>
      <AllowDiscount>0</AllowDiscount>
      <ItemStatus>1</ItemStatus>
    </Item>
    <Item>
      <PriceUpdateDate>2019-12-31 12:23</PriceUpdateDate>
      <ItemCode>72991497</ItemCode>
      <ItemType>1</ItemType>
      <ItemName>נובלס פילטר חפ</ItemName>
      <ManufacturerName>דובק בע"מ</ManufacturerName>
      <ManufactureCountry>IL</ManufactureCountry>
      <ManufacturerItemDescription>נובלס</ManufacturerItemDescription>
      <UnitQty>יחידה</UnitQty>
      <Quantity>1.00</Quantity>
      <bIsWeighted>0</bIsWeighted>
      <UnitOfMeasure>יחידה</UnitOfMeasure>
      <QtyInPackage>0</QtyInPackage>
      <ItemPrice>27.00</ItemPrice>
      <UnitOfMeasurePrice>27.00</UnitOfMeasurePrice>
      <AllowDiscount>0</AllowDiscount>
      <ItemStatus>1</ItemStatus>
    </Item>
    <Item>
      <PriceUpdateDate>2015-10-13 09:44</PriceUpdateDate>
      <ItemCode>72991527</ItemCode>
      <ItemType>1</ItemType>
      <ItemName>מוסטנג רד חפ</ItemName>
      <ManufacturerName>דובק בע"מ</ManufacturerName>
      <ManufactureCountry>IL</ManufactureCountry>
      <ManufacturerItemDescription>מוסטנג רד חפיס</ManufacturerItemDescription>
      <UnitQty>יחידה</UnitQty>
      <Quantity>1.00</Quantity>
      <bIsWeighted>0</bIsWeighted>
      <UnitOfMeasure>יחידה</UnitOfMeasure>
      <QtyInPackage>0</QtyInPackage>
      <ItemPrice>23.00</ItemPrice>
      <UnitOfMeasurePrice>23.00</UnitOfMeasurePrice>
      <AllowDiscount>0</AllowDiscount>
      <ItemStatus>1</ItemStatus>
    </Item>
    <Item>
      <PriceUpdateDate>2019-12-16 11:39</PriceUpdateDate>
      <ItemCode>72991886</ItemCode>
      <ItemType>1</ItemType>
      <ItemName>גלידת דולצ'ה דה לצ'ה</ItemName>
      <ManufacturerName>מוצרי איכות אמריקאיים בע</ManufacturerName>
      <ManufactureCountry>IL</ManufactureCountry>
      <ManufacturerItemDescription>גלידה בן &amp; ג'ר</ManufacturerItemDescription>
      <UnitQty>מיליליטרים</UnitQty>
      <Quantity>500.00</Quantity>
      <bIsWeighted>0</bIsWeighted>
      <UnitOfMeasure>100 מ"ל</UnitOfMeasure>
      <QtyInPackage>0</QtyInPackage>
      <ItemPrice>24.90</ItemPrice>
      <UnitOfMeasurePrice>4.98</UnitOfMeasurePrice>
      <AllowDiscount>1</AllowDiscount>
      <ItemStatus>1</ItemStatus>
    </Item>
    <Item>
      <PriceUpdateDate>2019-07-29 10:31</PriceUpdateDate>
      <ItemCode>72993477</ItemCode>
      <ItemType>1</ItemType>
      <ItemName>אל אם וייב חפ</ItemName>
      <ManufacturerName>פיליפ מוריס</ManufacturerName>
      <ManufactureCountry />
      <ManufacturerItemDescription>אל אם וויב סלימס</ManufacturerItemDescription>
      <UnitQty>יחידה</UnitQty>
      <Quantity>1.00</Quantity>
      <bIsWeighted>0</bIsWeighted>
      <UnitOfMeasure>יחידה</UnitOfMeasure>
      <QtyInPackage>0</QtyInPackage>
      <ItemPrice>30.50</ItemPrice>
      <UnitOfMeasurePrice>30.50</UnitOfMeasurePrice>
      <AllowDiscount>0</AllowDiscount>
      <ItemStatus>1</ItemStatus>
    </Item>
    <Item>
      <PriceUpdateDate>2013-12-22 10:38</PriceUpdateDate>
      <ItemCode>72993637</ItemCode>
      <ItemType>1</ItemType>
      <ItemName>דני שוקולד 1.5% 125 גרם</ItemName>
      <ManufacturerName>שטראוס גרופ בע"\מ</ManufacturerName>
      <ManufactureCountry>IL</ManufactureCountry>
      <ManufacturerItemDescription>דני שוקולד 1.5%</ManufacturerItemDescription>
      <UnitQty>גרמים</UnitQty>
      <Quantity>125.00</Quantity>
      <bIsWeighted>0</bIsWeighted>
      <UnitOfMeasure>100 גרם</UnitOfMeasure>
      <QtyInPackage>0</QtyInPackage>
      <ItemPrice>2.70</ItemPrice>
      <UnitOfMeasurePrice>2.16</UnitOfMeasurePrice>
      <AllowDiscount>1</AllowDiscount>
      <ItemStatus>1</ItemStatus>
    </Item>
    <Item>
      <PriceUpdateDate>2014-07-21 07:21</PriceUpdateDate>
      <ItemCode>72993767</ItemCode>
      <ItemType>1</ItemType>
      <ItemName>פסק זמן גלילית אגוזים40ג</ItemName>
      <ManufacturerName>עלית</ManufacturerName>
      <ManufactureCountry>IL</ManufactureCountry>
      <ManufacturerItemDescription>פסק זמן גלילית</ManufacturerItemDescription>
      <UnitQty>גרמים</UnitQty>
      <Quantity>40.00</Quantity>
      <bIsWeighted>0</bIsWeighted>
      <UnitOfMeasure>100 גרם</UnitOfMeasure>
      <QtyInPackage>0</QtyInPackage>
      <ItemPrice>5.50</ItemPrice>
      <UnitOfMeasurePrice>13.75</UnitOfMeasurePrice>
      <AllowDiscount>1</AllowDiscount>
      <ItemStatus>1</ItemStatus>
    </Item>
    <Item>
      <PriceUpdateDate>2019-08-07 11:59</PriceUpdateDate>
      <ItemCode>72993927</ItemCode>
      <ItemType>1</ItemType>
      <ItemName>נקסט ארוך חפ</ItemName>
      <ManufacturerName>פיליפ מוריס</ManufacturerName>
      <ManufactureCountry />
      <ManufacturerItemDescription>נקסט ארוך</ManufacturerItemDescription>
      <UnitQty>יחידה</UnitQty>
      <Quantity>1.00</Quantity>
      <bIsWeighted>0</bIsWeighted>
      <UnitOfMeasure>יחידה</UnitOfMeasure>
      <QtyInPackage>0</QtyInPackage>
      <ItemPrice>29.00</ItemPrice>
      <UnitOfMeasurePrice>29.00</UnitOfMeasurePrice>
      <AllowDiscount>0</AllowDiscount>
      <ItemStatus>1</ItemStatus>
    </Item>
    <Item>
      <PriceUpdateDate>2017-08-29 12:12</PriceUpdateDate>
      <ItemCode>72994061</ItemCode>
      <ItemType>1</ItemType>
      <ItemName>פסק זמן 2 גוד 36 גרם</ItemName>
      <ManufacturerName>שולן צ'\יקולטה גידה סאן.</ManufacturerName>
      <ManufactureCountry>TR</ManufactureCountry>
      <ManufacturerItemDescription>פסק זמן 2 גוד</ManufacturerItemDescription>
      <UnitQty>גרמים</UnitQty>
      <Quantity>36.00</Quantity>
      <bIsWeighted>0</bIsWeighted>
      <UnitOfMeasure>100 גרם</UnitOfMeasure>
      <QtyInPackage>0</QtyInPackage>
      <ItemPrice>5.50</ItemPrice>
      <UnitOfMeasurePrice>15.28</UnitOfMeasurePrice>
      <AllowDiscount>1</AllowDiscount>
      <ItemStatus>1</ItemStatus>
    </Item>
    <Item>
      <PriceUpdateDate>2019-08-07 11:59</PriceUpdateDate>
      <ItemCode>72994252</ItemCode>
      <ItemType>1</ItemType>
      <ItemName>נקסט לילך חפ</ItemName>
      <ManufacturerName>פיליפ מוריס</ManufacturerName>
      <ManufactureCountry>IL</ManufactureCountry>
      <ManufacturerItemDescription>סיגריות נקסט</ManufacturerItemDescription>
      <UnitQty>יחידה</UnitQty>
      <Quantity>1.00</Quantity>
      <bIsWeighted>0</bIsWeighted>
      <UnitOfMeasure>יחידה</UnitOfMeasure>
      <QtyInPackage>0</QtyInPackage>
      <ItemPrice>29.00</ItemPrice>
      <UnitOfMeasurePrice>29.00</UnitOfMeasurePrice>
      <AllowDiscount>0</AllowDiscount>
      <ItemStatus>1</ItemStatus>
    </Item>
    <Item>
      <PriceUpdateDate>2019-08-13 08:20</PriceUpdateDate>
      <ItemCode>72994269</ItemCode>
      <ItemType>1</ItemType>
      <ItemName>מרלבורו גולד טאצ' 7.1 חפ</ItemName>
      <ManufacturerName>פיליפ מוריס</ManufacturerName>
      <ManufactureCountry />
      <ManufacturerItemDescription>מרלבורו טאצ כחול</ManufacturerItemDescription>
      <UnitQty>יחידה</UnitQty>
      <Quantity>1.00</Quantity>
      <bIsWeighted>0</bIsWeighted>
      <UnitOfMeasure>יחידה</UnitOfMeasure>
      <QtyInPackage>0</QtyInPackage>
      <ItemPrice>32.50</ItemPrice>
      <UnitOfMeasurePrice>32.50</UnitOfMeasurePrice>
      <AllowDiscount>0</AllowDiscount>
      <ItemStatus>1</ItemStatus>
    </Item>
    <Item>
      <PriceUpdateDate>2019-08-13 08:20</PriceUpdateDate>
      <ItemCode>72994276</ItemCode>
      <ItemType>1</ItemType>
      <ItemName>מרלבורו פיין טאצ' 7.1 חפ</ItemName>
      <ManufacturerName>פיליפ מוריס</ManufacturerName>
      <ManufactureCountry />
      <ManufacturerItemDescription>מרלבורו פיין חפ.</ManufacturerItemDescription>
      <UnitQty>יחידה</UnitQty>
      <Quantity>1.00</Quantity>
      <bIsWeighted>0</bIsWeighted>
      <UnitOfMeasure>יחידה</UnitOfMeasure>
      <QtyInPackage>0</QtyInPackage>
      <ItemPrice>32.50</ItemPrice>
      <UnitOfMeasurePrice>32.50</UnitOfMeasurePrice>
      <AllowDiscount>0</AllowDiscount>
      <ItemStatus>1</ItemStatus>
    </Item>
    <Item>
      <PriceUpdateDate>2019-12-31 12:23</PriceUpdateDate>
      <ItemCode>72994306</ItemCode>
      <ItemType>1</ItemType>
      <ItemName>רויאל אדום חפיסה</ItemName>
      <ManufacturerName />
      <ManufactureCountry>IL</ManufactureCountry>
      <ManufacturerItemDescription>רויאל אדום חפיסה</ManufacturerItemDescription>
      <UnitQty>יחידה</UnitQty>
      <Quantity>1.00</Quantity>
      <bIsWeighted>0</bIsWeighted>
      <UnitOfMeasure>יחידה</UnitOfMeasure>
      <QtyInPackage>0</QtyInPackage>
      <ItemPrice>23.00</ItemPrice>
      <UnitOfMeasurePrice>23.00</UnitOfMeasurePrice>
      <AllowDiscount>0</AllowDiscount>
      <ItemStatus>1</ItemStatus>
    </Item>
    <Item>
      <PriceUpdateDate>2019-12-31 12:23</PriceUpdateDate>
      <ItemCode>72994313</ItemCode>
      <ItemType>1</ItemType>
      <ItemName>רויאל כחול חפיסה</ItemName>
      <ManufacturerName />
      <ManufactureCountry>IL</ManufactureCountry>
      <ManufacturerItemDescription>רויאל כחול חפיסה</ManufacturerItemDescription>
      <UnitQty>יחידה</UnitQty>
      <Quantity>1.00</Quantity>
      <bIsWeighted>0</bIsWeighted>
      <UnitOfMeasure>יחידה</UnitOfMeasure>
      <QtyInPackage>0</QtyInPackage>
      <ItemPrice>23.00</ItemPrice>
      <UnitOfMeasurePrice>23.00</UnitOfMeasurePrice>
      <AllowDiscount>0</AllowDiscount>
      <ItemStatus>1</ItemStatus>
    </Item>
    <Item>
      <PriceUpdateDate>2019-08-07 11:59</PriceUpdateDate>
      <ItemCode>72994603</ItemCode>
      <ItemType>1</ItemType>
      <ItemName>נקסט ריסס חפ</ItemName>
      <ManufacturerName>פיליפ מוריס</ManufacturerName>
      <ManufactureCountry>TR</ManufactureCountry>
      <ManufacturerItemDescription>סיגריות נקסט</ManufacturerItemDescription>
      <UnitQty>יחידה</UnitQty>
      <Quantity>1.00</Quantity>
      <bIsWeighted>0</bIsWeighted>
      <UnitOfMeasure>יחידה</UnitOfMeasure>
      <QtyInPackage>1</QtyInPackage>
      <ItemPrice>29.00</ItemPrice>
      <UnitOfMeasurePrice>29.00</UnitOfMeasurePrice>
      <AllowDiscount>0</AllowDiscount>
      <ItemStatus>1</ItemStatus>
    </Item>
    <Item>
      <PriceUpdateDate>2019-08-07 11:59</PriceUpdateDate>
      <ItemCode>72994610</ItemCode>
      <ItemType>1</ItemType>
      <ItemName>נקסט ארוך ריסס חפ</ItemName>
      <ManufacturerName>פיליפ מוריס</ManufacturerName>
      <ManufactureCountry>TR</ManufactureCountry>
      <ManufacturerItemDescription>סיגריות נקסט</ManufacturerItemDescription>
      <UnitQty>יחידה</UnitQty>
      <Quantity>1.00</Quantity>
      <bIsWeighted>0</bIsWeighted>
      <UnitOfMeasure>יחידה</UnitOfMeasure>
      <QtyInPackage>1</QtyInPackage>
      <ItemPrice>29.00</ItemPrice>
      <UnitOfMeasurePrice>29.00</UnitOfMeasurePrice>
      <AllowDiscount>0</AllowDiscount>
      <ItemStatus>1</ItemStatus>
    </Item>
    <Item>
      <PriceUpdateDate>2019-08-07 11:59</PriceUpdateDate>
      <ItemCode>72994627</ItemCode>
      <ItemType>1</ItemType>
      <ItemName>נקסט פיין אדג' חפ</ItemName>
      <ManufacturerName>פיליפ מוריס</ManufacturerName>
      <ManufactureCountry>TR</ManufactureCountry>
      <ManufacturerItemDescription>סיגריות נקסט</ManufacturerItemDescription>
      <UnitQty>יחידה</UnitQty>
      <Quantity>1.00</Quantity>
      <bIsWeighted>0</bIsWeighted>
      <UnitOfMeasure>יחידה</UnitOfMeasure>
      <QtyInPackage>1</QtyInPackage>
      <ItemPrice>26.00</ItemPrice>
      <UnitOfMeasurePrice>26.00</UnitOfMeasurePrice>
      <AllowDiscount>0</AllowDiscount>
      <ItemStatus>1</ItemStatus>
    </Item>
    <Item>
      <PriceUpdateDate>2019-08-07 11:59</PriceUpdateDate>
      <ItemCode>72994634</ItemCode>
      <ItemType>1</ItemType>
      <ItemName>נקסט אדג' חפ</ItemName>
      <ManufacturerName>פיליפ מוריס</ManufacturerName>
      <ManufactureCountry>TR</ManufactureCountry>
      <ManufacturerItemDescription>סיגריות נקסט</ManufacturerItemDescription>
      <UnitQty>יחידה</UnitQty>
      <Quantity>1.00</Quantity>
      <bIsWeighted>0</bIsWeighted>
      <UnitOfMeasure>יחידה</UnitOfMeasure>
      <QtyInPackage>1</QtyInPackage>
      <ItemPrice>26.00</ItemPrice>
      <UnitOfMeasurePrice>26.00</UnitOfMeasurePrice>
      <AllowDiscount>0</AllowDiscount>
      <ItemStatus>1</ItemStatus>
    </Item>
    <Item>
      <PriceUpdateDate>2020-10-10 18:30</PriceUpdateDate>
      <ItemCode>7312040017683</ItemCode>
      <ItemType>1</ItemType>
      <ItemName>וודקה אבסולוט</ItemName>
      <ManufacturerName />
      <ManufactureCountry>SE</ManufactureCountry>
      <ManufacturerItemDescription>וודקה אבסולוט</ManufacturerItemDescription>
      <UnitQty>מיליליטרים</UnitQty>
      <Quantity>700.00</Quantity>
      <bIsWeighted>0</bIsWeighted>
      <UnitOfMeasure>100 מ"ל</UnitOfMeasure>
      <QtyInPackage>0</QtyInPackage>
      <ItemPrice>63.90</ItemPrice>
      <UnitOfMeasurePrice>9.13</UnitOfMeasurePrice>
      <AllowDiscount>1</AllowDiscount>
      <ItemStatus>1</ItemStatus>
    </Item>
    <Item>
      <PriceUpdateDate>2019-09-13 05:36</PriceUpdateDate>
      <ItemCode>7501013101348</ItemCode>
      <ItemType>1</ItemType>
      <ItemName>ג'ומקס משקה מנגו 473 מ"ל</ItemName>
      <ManufacturerName>חומקס קומר קומרסאליזדורה</ManufacturerName>
      <ManufactureCountry>MX</ManufactureCountry>
      <ManufacturerItemDescription>משקה ג'ומקס מנגו</ManufacturerItemDescription>
      <UnitQty>מיליליטרים</UnitQty>
      <Quantity>473.00</Quantity>
      <bIsWeighted>0</bIsWeighted>
      <UnitOfMeasure>100 מ"ל</UnitOfMeasure>
      <QtyInPackage>1</QtyInPackage>
      <ItemPrice>8.00</ItemPrice>
      <UnitOfMeasurePrice>1.69</UnitOfMeasurePrice>
      <AllowDiscount>1</AllowDiscount>
      <ItemStatus>1</ItemStatus>
    </Item>
    <Item>
      <PriceUpdateDate>2019-09-13 05:36</PriceUpdateDate>
      <ItemCode>7501013101355</ItemCode>
      <ItemType>1</ItemType>
      <ItemName>ג'ומקס משקה אפרסק 473מ"ל</ItemName>
      <ManufacturerName>חומקס קומר קומרסאליזדורה</ManufacturerName>
      <ManufactureCountry>MX</ManufactureCountry>
      <ManufacturerItemDescription>משקה גומקס אפרסק</ManufacturerItemDescription>
      <UnitQty>מיליליטרים</UnitQty>
      <Quantity>473.00</Quantity>
      <bIsWeighted>0</bIsWeighted>
      <UnitOfMeasure>100 מ"ל</UnitOfMeasure>
      <QtyInPackage>1</QtyInPackage>
      <ItemPrice>8.00</ItemPrice>
      <UnitOfMeasurePrice>1.69</UnitOfMeasurePrice>
      <AllowDiscount>1</AllowDiscount>
      <ItemStatus>1</ItemStatus>
    </Item>
    <Item>
      <PriceUpdateDate>2019-09-13 05:36</PriceUpdateDate>
      <ItemCode>7501013101362</ItemCode>
      <ItemType>1</ItemType>
      <ItemName>גומקס משקה קוקוס אננס473</ItemName>
      <ManufacturerName>חומקס קומר קומרסאליזדורה</ManufacturerName>
      <ManufactureCountry>MX</ManufactureCountry>
      <ManufacturerItemDescription>משקה קוקוס אננס</ManufacturerItemDescription>
      <UnitQty>מיליליטרים</UnitQty>
      <Quantity>473.00</Quantity>
      <bIsWeighted>0</bIsWeighted>
      <UnitOfMeasure>100 מ"ל</UnitOfMeasure>
      <QtyInPackage>1</QtyInPackage>
      <ItemPrice>8.00</ItemPrice>
      <UnitOfMeasurePrice>1.69</UnitOfMeasurePrice>
      <AllowDiscount>1</AllowDiscount>
      <ItemStatus>1</ItemStatus>
    </Item>
    <Item>
      <PriceUpdateDate>2019-09-20 05:38</PriceUpdateDate>
      <ItemCode>7501013101393</ItemCode>
      <ItemType>1</ItemType>
      <ItemName>ג'ומקס משקה אננס 473 מ"ל</ItemName>
      <ManufacturerName>חומקס קומר קומרסאליזדורה</ManufacturerName>
      <ManufactureCountry>MX</ManufactureCountry>
      <ManufacturerItemDescription>משקה ג'ומקס אננס</ManufacturerItemDescription>
      <UnitQty>מיליליטרים</UnitQty>
      <Quantity>473.00</Quantity>
      <bIsWeighted>0</bIsWeighted>
      <UnitOfMeasure>100 מ"ל</UnitOfMeasure>
      <QtyInPackage>1</QtyInPackage>
      <ItemPrice>8.00</ItemPrice>
      <UnitOfMeasurePrice>1.69</UnitOfMeasurePrice>
      <AllowDiscount>1</AllowDiscount>
      <ItemStatus>1</ItemStatus>
    </Item>
    <Item>
      <PriceUpdateDate>2019-09-20 05:38</PriceUpdateDate>
      <ItemCode>7501013122114</ItemCode>
      <ItemType>1</ItemType>
      <ItemName>ג'ומקס משקה אננס קרטון1ל</ItemName>
      <ManufacturerName>חומקס קומר קומרסאליזדורה</ManufacturerName>
      <ManufactureCountry>MX</ManufactureCountry>
      <ManufacturerItemDescription>משקה ג'ומקס אננס</ManufacturerItemDescription>
      <UnitQty>ליטרים</UnitQty>
      <Quantity>1.00</Quantity>
      <bIsWeighted>0</bIsWeighted>
      <UnitOfMeasure>ליטר</UnitOfMeasure>
      <QtyInPackage>1</QtyInPackage>
      <ItemPrice>9.90</ItemPrice>
      <UnitOfMeasurePrice>9.90</UnitOfMeasurePrice>
      <AllowDiscount>1</AllowDiscount>
      <ItemStatus>1</ItemStatus>
    </Item>
    <Item>
      <PriceUpdateDate>2019-09-20 05:38</PriceUpdateDate>
      <ItemCode>7501013122190</ItemCode>
      <ItemType>1</ItemType>
      <ItemName>ג'ומקס משקה תפוח קרטון1ל</ItemName>
      <ManufacturerName>חומקס קומר קומרסאליזדורה</ManufacturerName>
      <ManufactureCountry>MX</ManufactureCountry>
      <ManufacturerItemDescription>משקה ג'ומקס תפוח</ManufacturerItemDescription>
      <UnitQty>ליטרים</UnitQty>
      <Quantity>1.00</Quantity>
      <bIsWeighted>0</bIsWeighted>
      <UnitOfMeasure>ליטר</UnitOfMeasure>
      <QtyInPackage>1</QtyInPackage>
      <ItemPrice>9.90</ItemPrice>
      <UnitOfMeasurePrice>9.90</UnitOfMeasurePrice>
      <AllowDiscount>1</AllowDiscount>
      <ItemStatus>1</ItemStatus>
    </Item>
    <Item>
      <PriceUpdateDate>2020-10-10 18:30</PriceUpdateDate>
      <ItemCode>7501049936945</ItemCode>
      <ItemType>1</ItemType>
      <ItemName>בירה סול 330*6 מ"ל</ItemName>
      <ManufacturerName>היינקן</ManufacturerName>
      <ManufactureCountry>NL</ManufactureCountry>
      <ManufacturerItemDescription>בירה סול 6 יח'</ManufacturerItemDescription>
      <UnitQty>ליטרים</UnitQty>
      <Quantity>1.98</Quantity>
      <bIsWeighted>0</bIsWeighted>
      <UnitOfMeasure>ליטר</UnitOfMeasure>
      <QtyInPackage>1</QtyInPackage>
      <ItemPrice>34.90</ItemPrice>
      <UnitOfMeasurePrice>17.62</UnitOfMeasurePrice>
      <AllowDiscount>1</AllowDiscount>
      <ItemStatus>1</ItemStatus>
    </Item>
    <Item>
      <PriceUpdateDate>2020-07-12 12:06</PriceUpdateDate>
      <ItemCode>7501064191466</ItemCode>
      <ItemType>1</ItemType>
      <ItemName>בירה קורונה 6 יח</ItemName>
      <ManufacturerName />
      <ManufactureCountry />
      <ManufacturerItemDescription>בירה קורונה 6 יח</ManufacturerItemDescription>
      <UnitQty>ליטרים</UnitQty>
      <Quantity>2.13</Quantity>
      <bIsWeighted>0</bIsWeighted>
      <UnitOfMeasure>ליטר</UnitOfMeasure>
      <QtyInPackage>0</QtyInPackage>
      <ItemPrice>44.90</ItemPrice>
      <UnitOfMeasurePrice>21.08</UnitOfMeasurePrice>
      <AllowDiscount>1</AllowDiscount>
      <ItemStatus>1</ItemStatus>
    </Item>
    <Item>
      <PriceUpdateDate>2018-10-16 09:01</PriceUpdateDate>
      <ItemCode>7613036576734</ItemCode>
      <ItemType>1</ItemType>
      <ItemName>חמשושים יחידה</ItemName>
      <ManufacturerName>פרונרי איבריה ס.ל</ManufacturerName>
      <ManufactureCountry>ES</ManufactureCountry>
      <ManufacturerItemDescription>חמשושים יחידה</ManufacturerItemDescription>
      <UnitQty>יחידה</UnitQty>
      <Quantity>1.00</Quantity>
      <bIsWeighted>0</bIsWeighted>
      <UnitOfMeasure>יחידה</UnitOfMeasure>
      <QtyInPackage>1</QtyInPackage>
      <ItemPrice>8.90</ItemPrice>
      <UnitOfMeasurePrice>8.90</UnitOfMeasurePrice>
      <AllowDiscount>1</AllowDiscount>
      <ItemStatus>1</ItemStatus>
    </Item>
    <Item>
      <PriceUpdateDate>2020-05-15 05:36</PriceUpdateDate>
      <ItemCode>7613036961622</ItemCode>
      <ItemType>1</ItemType>
      <ItemName>קפסולות Starbucks אספרסו</ItemName>
      <ManufacturerName>נספרסו נסטלה</ManufacturerName>
      <ManufactureCountry>CH</ManufactureCountry>
      <ManufacturerItemDescription>קפסולות Starbuck</ManufacturerItemDescription>
      <UnitQty>גרמים</UnitQty>
      <Quantity>57.00</Quantity>
      <bIsWeighted>0</bIsWeighted>
      <UnitOfMeasure>100 גרם</UnitOfMeasure>
      <QtyInPackage>1</QtyInPackage>
      <ItemPrice>22.90</ItemPrice>
      <UnitOfMeasurePrice>40.18</UnitOfMeasurePrice>
      <AllowDiscount>1</AllowDiscount>
      <ItemStatus>1</ItemStatus>
    </Item>
    <Item>
      <PriceUpdateDate>2020-05-15 05:36</PriceUpdateDate>
      <ItemCode>7613036961769</ItemCode>
      <ItemType>1</ItemType>
      <ItemName>קפסStarbucks. פלייס53ג</ItemName>
      <ManufacturerName>נספרסו נסטלה</ManufacturerName>
      <ManufactureCountry>CH</ManufactureCountry>
      <ManufacturerItemDescription>קפסולות Starbuck</ManufacturerItemDescription>
      <UnitQty>גרמים</UnitQty>
      <Quantity>53.00</Quantity>
      <bIsWeighted>0</bIsWeighted>
      <UnitOfMeasure>100 גרם</UnitOfMeasure>
      <QtyInPackage>1</QtyInPackage>
      <ItemPrice>22.90</ItemPrice>
      <UnitOfMeasurePrice>43.21</UnitOfMeasurePrice>
      <AllowDiscount>1</AllowDiscount>
      <ItemStatus>1</ItemStatus>
    </Item>
    <Item>
      <PriceUpdateDate>2019-11-15 05:41</PriceUpdateDate>
      <ItemCode>7613037686906</ItemCode>
      <ItemType>1</ItemType>
      <ItemName>פיטנס שקדים ודבש 355 גרם</ItemName>
      <ManufacturerName>סי. פי. צרפת</ManufacturerName>
      <ManufactureCountry>FR</ManufactureCountry>
      <ManufacturerItemDescription>פיטנס שקדים ודבש</ManufacturerItemDescription>
      <UnitQty>גרמים</UnitQty>
      <Quantity>355.00</Quantity>
      <bIsWeighted>0</bIsWeighted>
      <UnitOfMeasure>100 גרם</UnitOfMeasure>
      <QtyInPackage>1</QtyInPackage>
      <ItemPrice>22.90</ItemPrice>
      <UnitOfMeasurePrice>6.45</UnitOfMeasurePrice>
      <AllowDiscount>1</AllowDiscount>
      <ItemStatus>1</ItemStatus>
    </Item>
    <Item>
      <PriceUpdateDate>2017-08-15 07:31</PriceUpdateDate>
      <ItemCode>7613600003796</ItemCode>
      <ItemType>1</ItemType>
      <ItemName>פאלמאל סופר סלימס כחול פ</ItemName>
      <ManufacturerName>bat</ManufacturerName>
      <ManufactureCountry>CH</ManufactureCountry>
      <ManufacturerItemDescription>פאל מאל חבילה</ManufacturerItemDescription>
      <UnitQty>יחידה</UnitQty>
      <Quantity>1.00</Quantity>
      <bIsWeighted>0</bIsWeighted>
      <UnitOfMeasure>יחידה</UnitOfMeasure>
      <QtyInPackage>0</QtyInPackage>
      <ItemPrice>279.30</ItemPrice>
      <UnitOfMeasurePrice>279.30</UnitOfMeasurePrice>
      <AllowDiscount>0</AllowDiscount>
      <ItemStatus>1</ItemStatus>
    </Item>
    <Item>
      <PriceUpdateDate>2016-05-17 07:21</PriceUpdateDate>
      <ItemCode>76136184</ItemCode>
      <ItemType>1</ItemType>
      <ItemName>פאלמאל סופר סלימס כחול ח</ItemName>
      <ManufacturerName>bat</ManufacturerName>
      <ManufactureCountry>CH</ManufactureCountry>
      <ManufacturerItemDescription>פאל מאל חפיסה</ManufacturerItemDescription>
      <UnitQty>יחידה</UnitQty>
      <Quantity>1.00</Quantity>
      <bIsWeighted>0</bIsWeighted>
      <UnitOfMeasure>יחידה</UnitOfMeasure>
      <QtyInPackage>0</QtyInPackage>
      <ItemPrice>28.00</ItemPrice>
      <UnitOfMeasurePrice>28.00</UnitOfMeasurePrice>
      <AllowDiscount>0</AllowDiscount>
      <ItemStatus>1</ItemStatus>
    </Item>
    <Item>
      <PriceUpdateDate>2020-10-10 18:30</PriceUpdateDate>
      <ItemCode>7614500035788</ItemCode>
      <ItemType>1</ItemType>
      <ItemName>טובלרון חלב 200 גרם</ItemName>
      <ManufacturerName>מונדלייז</ManufacturerName>
      <ManufactureCountry>CH</ManufactureCountry>
      <ManufacturerItemDescription>טובלרון חלב</ManufacturerItemDescription>
      <UnitQty>גרמים</UnitQty>
      <Quantity>200.00</Quantity>
      <bIsWeighted>0</bIsWeighted>
      <UnitOfMeasure>100 גרם</UnitOfMeasure>
      <QtyInPackage>0</QtyInPackage>
      <ItemPrice>12.90</ItemPrice>
      <UnitOfMeasurePrice>6.45</UnitOfMeasurePrice>
      <AllowDiscount>1</AllowDiscount>
      <ItemStatus>1</ItemStatus>
    </Item>
    <Item>
      <PriceUpdateDate>2020-10-10 18:30</PriceUpdateDate>
      <ItemCode>7616500642560</ItemCode>
      <ItemType>1</ItemType>
      <ItemName>שוקולד חלב 300 ג</ItemName>
      <ManufacturerName />
      <ManufactureCountry>CH</ManufactureCountry>
      <ManufacturerItemDescription>שוקולד חלב 300 ג</ManufacturerItemDescription>
      <UnitQty>גרמים</UnitQty>
      <Quantity>300.00</Quantity>
      <bIsWeighted>0</bIsWeighted>
      <UnitOfMeasure>100 גרם</UnitOfMeasure>
      <QtyInPackage>0</QtyInPackage>
      <ItemPrice>10.00</ItemPrice>
      <UnitOfMeasurePrice>3.34</UnitOfMeasurePrice>
      <AllowDiscount>1</AllowDiscount>
      <ItemStatus>1</ItemStatus>
    </Item>
    <Item>
      <PriceUpdateDate>2020-10-10 19:00</PriceUpdateDate>
      <ItemCode>7616500647251</ItemCode>
      <ItemType>1</ItemType>
      <ItemName>שוקולד חלב עם אגוזים180ג</ItemName>
      <ManufacturerName>פריי )שוקולד(</ManufacturerName>
      <ManufactureCountry>CH</ManufactureCountry>
      <ManufacturerItemDescription>שוקולד חלב+אגוז</ManufacturerItemDescription>
      <UnitQty>גרמים</UnitQty>
      <Quantity>180.00</Quantity>
      <bIsWeighted>0</bIsWeighted>
      <UnitOfMeasure>100 גרם</UnitOfMeasure>
      <QtyInPackage>0</QtyInPackage>
      <ItemPrice>10.00</ItemPrice>
      <UnitOfMeasurePrice>5.56</UnitOfMeasurePrice>
      <AllowDiscount>1</AllowDiscount>
      <ItemStatus>1</ItemStatus>
    </Item>
    <Item>
      <PriceUpdateDate>2020-10-10 19:00</PriceUpdateDate>
      <ItemCode>7616500647268</ItemCode>
      <ItemType>1</ItemType>
      <ItemName>שוקולד מריר+אגוזים180גר</ItemName>
      <ManufacturerName>צוקולאט פריי אייץגיץ</ManufacturerName>
      <ManufactureCountry>CH</ManufactureCountry>
      <ManufacturerItemDescription>שוקולד מריר</ManufacturerItemDescription>
      <UnitQty>גרמים</UnitQty>
      <Quantity>180.00</Quantity>
      <bIsWeighted>0</bIsWeighted>
      <UnitOfMeasure>100 גרם</UnitOfMeasure>
      <QtyInPackage>0</QtyInPackage>
      <ItemPrice>10.00</ItemPrice>
      <UnitOfMeasurePrice>5.56</UnitOfMeasurePrice>
      <AllowDiscount>1</AllowDiscount>
      <ItemStatus>1</ItemStatus>
    </Item>
    <Item>
      <PriceUpdateDate>2016-04-15 07:02</PriceUpdateDate>
      <ItemCode>7622010001858</ItemCode>
      <ItemType>1</ItemType>
      <ItemName>עוג.אוראו קרם וניל 176ג</ItemName>
      <ManufacturerName>פי אר ג'\יי אס אי מנדלז</ManufacturerName>
      <ManufactureCountry>UA</ManufactureCountry>
      <ManufacturerItemDescription>עוגיות אוראו</ManufacturerItemDescription>
      <UnitQty>גרמים</UnitQty>
      <Quantity>176.00</Quantity>
      <bIsWeighted>0</bIsWeighted>
      <UnitOfMeasure>100 גרם</UnitOfMeasure>
      <QtyInPackage>1</QtyInPackage>
      <ItemPrice>10.20</ItemPrice>
      <UnitOfMeasurePrice>5.80</UnitOfMeasurePrice>
      <AllowDiscount>1</AllowDiscount>
      <ItemStatus>1</ItemStatus>
    </Item>
    <Item>
      <PriceUpdateDate>2020-04-06 11:03</PriceUpdateDate>
      <ItemCode>7622201139278</ItemCode>
      <ItemType>1</ItemType>
      <ItemName>גבינת פילדלפיה 27% 150גר</ItemName>
      <ManufacturerName>---</ManufacturerName>
      <ManufactureCountry>ES</ManufactureCountry>
      <ManufacturerItemDescription>גבינת פילדלפיה</ManufacturerItemDescription>
      <UnitQty>גרמים</UnitQty>
      <Quantity>150.00</Quantity>
      <bIsWeighted>0</bIsWeighted>
      <UnitOfMeasure>100 גרם</UnitOfMeasure>
      <QtyInPackage>1</QtyInPackage>
      <ItemPrice>15.90</ItemPrice>
      <UnitOfMeasurePrice>10.60</UnitOfMeasurePrice>
      <AllowDiscount>1</AllowDiscount>
      <ItemStatus>1</ItemStatus>
    </Item>
    <Item>
      <PriceUpdateDate>2016-11-29 07:21</PriceUpdateDate>
      <ItemCode>7622210137234</ItemCode>
      <ItemType>1</ItemType>
      <ItemName>עוג.אוראו דאבל ק.וניל170</ItemName>
      <ManufacturerName>מונדלייז</ManufacturerName>
      <ManufactureCountry>ES</ManufactureCountry>
      <ManufacturerItemDescription>עוגיות אוראו</ManufacturerItemDescription>
      <UnitQty>גרמים</UnitQty>
      <Quantity>170.00</Quantity>
      <bIsWeighted>0</bIsWeighted>
      <UnitOfMeasure>100 גרם</UnitOfMeasure>
      <QtyInPackage>1</QtyInPackage>
      <ItemPrice>10.90</ItemPrice>
      <UnitOfMeasurePrice>6.41</UnitOfMeasurePrice>
      <AllowDiscount>1</AllowDiscount>
      <ItemStatus>1</ItemStatus>
    </Item>
    <Item>
      <PriceUpdateDate>2020-08-04 16:29</PriceUpdateDate>
      <ItemCode>7622210453327</ItemCode>
      <ItemType>1</ItemType>
      <ItemName>עוג.מילקה סנסיישנס 156 ג</ItemName>
      <ManufacturerName>מונדלייז</ManufacturerName>
      <ManufactureCountry>PL</ManufactureCountry>
      <ManufacturerItemDescription>עוגיות מילקה</ManufacturerItemDescription>
      <UnitQty>גרמים</UnitQty>
      <Quantity>156.00</Quantity>
      <bIsWeighted>0</bIsWeighted>
      <UnitOfMeasure>100 גרם</UnitOfMeasure>
      <QtyInPackage>1</QtyInPackage>
      <ItemPrice>12.90</ItemPrice>
      <UnitOfMeasurePrice>8.27</UnitOfMeasurePrice>
      <AllowDiscount>1</AllowDiscount>
      <ItemStatus>1</ItemStatus>
    </Item>
    <Item>
      <PriceUpdateDate>2020-10-10 22:10</PriceUpdateDate>
      <ItemCode>7622210597915</ItemCode>
      <ItemType>1</ItemType>
      <ItemName>מילקה לבבות פרלינים110גר</ItemName>
      <ManufacturerName>מונדלייז</ManufacturerName>
      <ManufactureCountry>BG</ManufactureCountry>
      <ManufacturerItemDescription>מילקה פרלינים</ManufacturerItemDescription>
      <UnitQty>גרמים</UnitQty>
      <Quantity>110.00</Quantity>
      <bIsWeighted>0</bIsWeighted>
      <UnitOfMeasure>100 גרם</UnitOfMeasure>
      <QtyInPackage>1</QtyInPackage>
      <ItemPrice>10.00</ItemPrice>
      <UnitOfMeasurePrice>9.09</UnitOfMeasurePrice>
      <AllowDiscount>1</AllowDiscount>
      <ItemStatus>1</ItemStatus>
    </Item>
    <Item>
      <PriceUpdateDate>2020-05-22 05:36</PriceUpdateDate>
      <ItemCode>7622210829085</ItemCode>
      <ItemType>1</ItemType>
      <ItemName>עוגיות אוראו דקות וניל96</ItemName>
      <ManufacturerName>פי אר ג'\יי אס אי מנדלז</ManufacturerName>
      <ManufactureCountry>UA</ManufactureCountry>
      <ManufacturerItemDescription>עוגיות אוראו</ManufacturerItemDescription>
      <UnitQty>גרמים</UnitQty>
      <Quantity>96.00</Quantity>
      <bIsWeighted>0</bIsWeighted>
      <UnitOfMeasure>100 גרם</UnitOfMeasure>
      <QtyInPackage>1</QtyInPackage>
      <ItemPrice>9.90</ItemPrice>
      <UnitOfMeasurePrice>10.31</UnitOfMeasurePrice>
      <AllowDiscount>1</AllowDiscount>
      <ItemStatus>1</ItemStatus>
    </Item>
    <Item>
      <PriceUpdateDate>2020-05-22 05:36</PriceUpdateDate>
      <ItemCode>7622210829108</ItemCode>
      <ItemType>1</ItemType>
      <ItemName>עוגיות אוראו דקות שוקו96</ItemName>
      <ManufacturerName>פי אר ג'\יי אס סי מונדלז</ManufacturerName>
      <ManufactureCountry>UA</ManufactureCountry>
      <ManufacturerItemDescription>עוגיות אוראו</ManufacturerItemDescription>
      <UnitQty>גרמים</UnitQty>
      <Quantity>96.00</Quantity>
      <bIsWeighted>0</bIsWeighted>
      <UnitOfMeasure>100 גרם</UnitOfMeasure>
      <QtyInPackage>1</QtyInPackage>
      <ItemPrice>9.90</ItemPrice>
      <UnitOfMeasurePrice>10.31</UnitOfMeasurePrice>
      <AllowDiscount>1</AllowDiscount>
      <ItemStatus>1</ItemStatus>
    </Item>
    <Item>
      <PriceUpdateDate>2019-08-19 09:57</PriceUpdateDate>
      <ItemCode>7622210874351</ItemCode>
      <ItemType>1</ItemType>
      <ItemName>עוגיות מיני אוראו וניל67</ItemName>
      <ManufacturerName>---</ManufacturerName>
      <ManufactureCountry>ID</ManufactureCountry>
      <ManufacturerItemDescription>עוגיות אוראו מינ</ManufacturerItemDescription>
      <UnitQty>גרמים</UnitQty>
      <Quantity>67.00</Quantity>
      <bIsWeighted>0</bIsWeighted>
      <UnitOfMeasure>100 גרם</UnitOfMeasure>
      <QtyInPackage>1</QtyInPackage>
      <ItemPrice>8.90</ItemPrice>
      <UnitOfMeasurePrice>13.28</UnitOfMeasurePrice>
      <AllowDiscount>1</AllowDiscount>
      <ItemStatus>1</ItemStatus>
    </Item>
    <Item>
      <PriceUpdateDate>2020-08-04 16:29</PriceUpdateDate>
      <ItemCode>7622210984678</ItemCode>
      <ItemType>1</ItemType>
      <ItemName>וופל ממולא מילקה 150 גרם</ItemName>
      <ManufacturerName>מונדלייז</ManufacturerName>
      <ManufactureCountry>CZ</ManufactureCountry>
      <ManufacturerItemDescription>וופל ממולא מילקה</ManufacturerItemDescription>
      <UnitQty>גרמים</UnitQty>
      <Quantity>150.00</Quantity>
      <bIsWeighted>0</bIsWeighted>
      <UnitOfMeasure>100 גרם</UnitOfMeasure>
      <QtyInPackage>1</QtyInPackage>
      <ItemPrice>12.90</ItemPrice>
      <UnitOfMeasurePrice>8.60</UnitOfMeasurePrice>
      <AllowDiscount>1</AllowDiscount>
      <ItemStatus>1</ItemStatus>
    </Item>
    <Item>
      <PriceUpdateDate>2020-10-10 19:00</PriceUpdateDate>
      <ItemCode>7622300200237</ItemCode>
      <ItemType>1</ItemType>
      <ItemName>שוקולד חלב מילקה</ItemName>
      <ManufacturerName />
      <ManufactureCountry>AT</ManufactureCountry>
      <ManufacturerItemDescription>שוקולד חלב מילקה</ManufacturerItemDescription>
      <UnitQty>גרמים</UnitQty>
      <Quantity>250.00</Quantity>
      <bIsWeighted>0</bIsWeighted>
      <UnitOfMeasure>100 גרם</UnitOfMeasure>
      <QtyInPackage>0</QtyInPackage>
      <ItemPrice>11.90</ItemPrice>
      <UnitOfMeasurePrice>4.76</UnitOfMeasurePrice>
      <AllowDiscount>1</AllowDiscount>
      <ItemStatus>1</ItemStatus>
    </Item>
    <Item>
      <PriceUpdateDate>2020-08-04 16:29</PriceUpdateDate>
      <ItemCode>7622300270469</ItemCode>
      <ItemType>1</ItemType>
      <ItemName>ביסקוויט מילקה 150 גרם</ItemName>
      <ManufacturerName>מונדלז פרנס ביסקוויט פרו</ManufacturerName>
      <ManufactureCountry>FR</ManufactureCountry>
      <ManufacturerItemDescription>ביסקוויט מילקה</ManufacturerItemDescription>
      <UnitQty>גרמים</UnitQty>
      <Quantity>150.00</Quantity>
      <bIsWeighted>0</bIsWeighted>
      <UnitOfMeasure>100 גרם</UnitOfMeasure>
      <QtyInPackage>1</QtyInPackage>
      <ItemPrice>12.90</ItemPrice>
      <UnitOfMeasurePrice>8.60</UnitOfMeasurePrice>
      <AllowDiscount>1</AllowDiscount>
      <ItemStatus>1</ItemStatus>
    </Item>
    <Item>
      <PriceUpdateDate>2020-08-04 16:29</PriceUpdateDate>
      <ItemCode>7622300356767</ItemCode>
      <ItemType>1</ItemType>
      <ItemName>עוג.שוקולד צ'יפס מילק168</ItemName>
      <ManufacturerName>מונדלייז</ManufacturerName>
      <ManufactureCountry>PL</ManufactureCountry>
      <ManufacturerItemDescription>עוגיות שוקוצ'יפס</ManufacturerItemDescription>
      <UnitQty>גרמים</UnitQty>
      <Quantity>168.00</Quantity>
      <bIsWeighted>0</bIsWeighted>
      <UnitOfMeasure>100 גרם</UnitOfMeasure>
      <QtyInPackage>0</QtyInPackage>
      <ItemPrice>12.90</ItemPrice>
      <UnitOfMeasurePrice>7.68</UnitOfMeasurePrice>
      <AllowDiscount>1</AllowDiscount>
      <ItemStatus>1</ItemStatus>
    </Item>
    <Item>
      <PriceUpdateDate>2020-08-04 16:29</PriceUpdateDate>
      <ItemCode>7622300441715</ItemCode>
      <ItemType>1</ItemType>
      <ItemName>עוג.מילקה שוקומיני150 גר</ItemName>
      <ManufacturerName>מונדלייז</ManufacturerName>
      <ManufactureCountry>CZ</ManufactureCountry>
      <ManufacturerItemDescription>עוגיות שוקומיני</ManufacturerItemDescription>
      <UnitQty>גרמים</UnitQty>
      <Quantity>150.00</Quantity>
      <bIsWeighted>0</bIsWeighted>
      <UnitOfMeasure>100 גרם</UnitOfMeasure>
      <QtyInPackage>1</QtyInPackage>
      <ItemPrice>12.90</ItemPrice>
      <UnitOfMeasurePrice>8.60</UnitOfMeasurePrice>
      <AllowDiscount>1</AllowDiscount>
      <ItemStatus>1</ItemStatus>
    </Item>
    <Item>
      <PriceUpdateDate>2020-08-04 16:29</PriceUpdateDate>
      <ItemCode>7622300489434</ItemCode>
      <ItemType>1</ItemType>
      <ItemName>אוראו מצופה שוק.חלב246ג</ItemName>
      <ManufacturerName>מונדלייז</ManufacturerName>
      <ManufactureCountry>ES</ManufactureCountry>
      <ManufacturerItemDescription>עוגיות אוראו</ManufacturerItemDescription>
      <UnitQty>גרמים</UnitQty>
      <Quantity>246.00</Quantity>
      <bIsWeighted>0</bIsWeighted>
      <UnitOfMeasure>100 גרם</UnitOfMeasure>
      <QtyInPackage>1</QtyInPackage>
      <ItemPrice>19.90</ItemPrice>
      <UnitOfMeasurePrice>8.09</UnitOfMeasurePrice>
      <AllowDiscount>1</AllowDiscount>
      <ItemStatus>1</ItemStatus>
    </Item>
    <Item>
      <PriceUpdateDate>2017-03-07 06:45</PriceUpdateDate>
      <ItemCode>7622300495046</ItemCode>
      <ItemType>1</ItemType>
      <ItemName>מילקה אקסטרה קקאו 100גר</ItemName>
      <ManufacturerName>מונדלייז</ManufacturerName>
      <ManufactureCountry>DE</ManufactureCountry>
      <ManufacturerItemDescription>שוקולד מילקה</ManufacturerItemDescription>
      <UnitQty>גרמים</UnitQty>
      <Quantity>100.00</Quantity>
      <bIsWeighted>0</bIsWeighted>
      <UnitOfMeasure>100 גרם</UnitOfMeasure>
      <QtyInPackage>0</QtyInPackage>
      <ItemPrice>7.90</ItemPrice>
      <UnitOfMeasurePrice>7.90</UnitOfMeasurePrice>
      <AllowDiscount>1</AllowDiscount>
      <ItemStatus>1</ItemStatus>
    </Item>
    <Item>
      <PriceUpdateDate>2017-03-07 06:45</PriceUpdateDate>
      <ItemCode>7622300498429</ItemCode>
      <ItemType>1</ItemType>
      <ItemName>שוקולד מילקה קרם תות 100</ItemName>
      <ManufacturerName>מונדלייז</ManufacturerName>
      <ManufactureCountry>DE</ManufactureCountry>
      <ManufacturerItemDescription>שוק.מילקה ק. תות</ManufacturerItemDescription>
      <UnitQty>גרמים</UnitQty>
      <Quantity>100.00</Quantity>
      <bIsWeighted>0</bIsWeighted>
      <UnitOfMeasure>100 גרם</UnitOfMeasure>
      <QtyInPackage>0</QtyInPackage>
      <ItemPrice>7.90</ItemPrice>
      <UnitOfMeasurePrice>7.90</UnitOfMeasurePrice>
      <AllowDiscount>1</AllowDiscount>
      <ItemStatus>1</ItemStatus>
    </Item>
    <Item>
      <PriceUpdateDate>2020-08-04 16:29</PriceUpdateDate>
      <ItemCode>7622300503079</ItemCode>
      <ItemType>1</ItemType>
      <ItemName>ביסקוויט מצופה שוקו200גר</ItemName>
      <ManufacturerName>מונדלייז</ManufacturerName>
      <ManufactureCountry>PL</ManufactureCountry>
      <ManufacturerItemDescription>ביסקוויט מצופה</ManufacturerItemDescription>
      <UnitQty>גרמים</UnitQty>
      <Quantity>200.00</Quantity>
      <bIsWeighted>0</bIsWeighted>
      <UnitOfMeasure>100 גרם</UnitOfMeasure>
      <QtyInPackage>0</QtyInPackage>
      <ItemPrice>12.90</ItemPrice>
      <UnitOfMeasurePrice>6.45</UnitOfMeasurePrice>
      <AllowDiscount>1</AllowDiscount>
      <ItemStatus>1</ItemStatus>
    </Item>
    <Item>
      <PriceUpdateDate>2017-03-07 06:45</PriceUpdateDate>
      <ItemCode>7622300617820</ItemCode>
      <ItemType>1</ItemType>
      <ItemName>שוקולד מילקה אוראו 100 ג</ItemName>
      <ManufacturerName>מונדלייז</ManufacturerName>
      <ManufactureCountry>DE</ManufactureCountry>
      <ManufacturerItemDescription>שוקולד מילקה</ManufacturerItemDescription>
      <UnitQty>גרמים</UnitQty>
      <Quantity>100.00</Quantity>
      <bIsWeighted>0</bIsWeighted>
      <UnitOfMeasure>100 גרם</UnitOfMeasure>
      <QtyInPackage>0</QtyInPackage>
      <ItemPrice>7.90</ItemPrice>
      <UnitOfMeasurePrice>7.90</UnitOfMeasurePrice>
      <AllowDiscount>1</AllowDiscount>
      <ItemStatus>1</ItemStatus>
    </Item>
    <Item>
      <PriceUpdateDate>2019-11-29 05:37</PriceUpdateDate>
      <ItemCode>7622300761363</ItemCode>
      <ItemType>1</ItemType>
      <ItemName>עוג.מיני אוראו ט.שוקו67ג</ItemName>
      <ManufacturerName>---</ManufacturerName>
      <ManufactureCountry>ID</ManufactureCountry>
      <ManufacturerItemDescription>עוגיות מיני אורא</ManufacturerItemDescription>
      <UnitQty>גרמים</UnitQty>
      <Quantity>67.00</Quantity>
      <bIsWeighted>0</bIsWeighted>
      <UnitOfMeasure>100 גרם</UnitOfMeasure>
      <QtyInPackage>0</QtyInPackage>
      <ItemPrice>8.90</ItemPrice>
      <UnitOfMeasurePrice>13.28</UnitOfMeasurePrice>
      <AllowDiscount>1</AllowDiscount>
      <ItemStatus>1</ItemStatus>
    </Item>
    <Item>
      <PriceUpdateDate>2017-03-07 06:45</PriceUpdateDate>
      <ItemCode>7622400005190</ItemCode>
      <ItemType>1</ItemType>
      <ItemName>שוקולד מילקה חום לבן100ג</ItemName>
      <ManufacturerName>מונדלייז</ManufacturerName>
      <ManufactureCountry>DE</ManufactureCountry>
      <ManufacturerItemDescription>שוקולד מילקה</ManufacturerItemDescription>
      <UnitQty>גרמים</UnitQty>
      <Quantity>100.00</Quantity>
      <bIsWeighted>0</bIsWeighted>
      <UnitOfMeasure>100 גרם</UnitOfMeasure>
      <QtyInPackage>0</QtyInPackage>
      <ItemPrice>7.90</ItemPrice>
      <UnitOfMeasurePrice>7.90</UnitOfMeasurePrice>
      <AllowDiscount>1</AllowDiscount>
      <ItemStatus>1</ItemStatus>
    </Item>
    <Item>
      <PriceUpdateDate>2019-02-08 05:38</PriceUpdateDate>
      <ItemCode>7638900083071</ItemCode>
      <ItemType>1</ItemType>
      <ItemName>2 סוללות אנרג'ייזר 1.5V</ItemName>
      <ManufacturerName>אנרגייזר</ManufacturerName>
      <ManufactureCountry>CN</ManufactureCountry>
      <ManufacturerItemDescription>סוללות אנרגייזר</ManufacturerItemDescription>
      <UnitQty>יחידה</UnitQty>
      <Quantity>1.00</Quantity>
      <bIsWeighted>0</bIsWeighted>
      <UnitOfMeasure>יחידה</UnitOfMeasure>
      <QtyInPackage>1</QtyInPackage>
      <ItemPrice>12.90</ItemPrice>
      <UnitOfMeasurePrice>12.90</UnitOfMeasurePrice>
      <AllowDiscount>1</AllowDiscount>
      <ItemStatus>1</ItemStatus>
    </Item>
    <Item>
      <PriceUpdateDate>2020-09-14 01:00</PriceUpdateDate>
      <ItemCode>76840001774</ItemCode>
      <ItemType>1</ItemType>
      <ItemName>בצק עוגיות שוקולד צ'פס</ItemName>
      <ManufacturerName>מוצרי איכות אמריקאיים בע</ManufacturerName>
      <ManufactureCountry>IL</ManufactureCountry>
      <ManufacturerItemDescription>בצק עוגיות שוקול</ManufacturerItemDescription>
      <UnitQty>מיליליטרים</UnitQty>
      <Quantity>500.00</Quantity>
      <bIsWeighted>0</bIsWeighted>
      <UnitOfMeasure>100 מ"ל</UnitOfMeasure>
      <QtyInPackage>1</QtyInPackage>
      <ItemPrice>24.90</ItemPrice>
      <UnitOfMeasurePrice>4.98</UnitOfMeasurePrice>
      <AllowDiscount>1</AllowDiscount>
      <ItemStatus>1</ItemStatus>
    </Item>
    <Item>
      <PriceUpdateDate>2020-07-20 01:09</PriceUpdateDate>
      <ItemCode>76840002542</ItemCode>
      <ItemType>1</ItemType>
      <ItemName>גלידת נטפליקס &amp; צילד 500</ItemName>
      <ManufacturerName>מוצרי איכות אמריקאיים בע</ManufacturerName>
      <ManufactureCountry>IL</ManufactureCountry>
      <ManufacturerItemDescription>גלידת נטפליקס צי</ManufacturerItemDescription>
      <UnitQty>מיליליטרים</UnitQty>
      <Quantity>500.00</Quantity>
      <bIsWeighted>0</bIsWeighted>
      <UnitOfMeasure>100 מ"ל</UnitOfMeasure>
      <QtyInPackage>1</QtyInPackage>
      <ItemPrice>24.90</ItemPrice>
      <UnitOfMeasurePrice>4.98</UnitOfMeasurePrice>
      <AllowDiscount>1</AllowDiscount>
      <ItemStatus>1</ItemStatus>
    </Item>
    <Item>
      <PriceUpdateDate>2019-12-16 11:39</PriceUpdateDate>
      <ItemCode>76840100583</ItemCode>
      <ItemType>1</ItemType>
      <ItemName>גלידת וניל עם בצק עוגיות</ItemName>
      <ManufacturerName>מוצרי איכות אמריקאיים בע</ManufacturerName>
      <ManufactureCountry>IL</ManufactureCountry>
      <ManufacturerItemDescription>גל.בןאנדג'ריס</ManufacturerItemDescription>
      <UnitQty>מיליליטרים</UnitQty>
      <Quantity>473.00</Quantity>
      <bIsWeighted>0</bIsWeighted>
      <UnitOfMeasure>100 מ"ל</UnitOfMeasure>
      <QtyInPackage>0</QtyInPackage>
      <ItemPrice>24.90</ItemPrice>
      <UnitOfMeasurePrice>5.26</UnitOfMeasurePrice>
      <AllowDiscount>1</AllowDiscount>
      <ItemStatus>1</ItemStatus>
    </Item>
    <Item>
      <PriceUpdateDate>2019-12-16 11:39</PriceUpdateDate>
      <ItemCode>76840100811</ItemCode>
      <ItemType>1</ItemType>
      <ItemName>גלידה חמאת בוטנים 428גרם</ItemName>
      <ManufacturerName>מוצרי איכות אמריקאיים בע</ManufacturerName>
      <ManufactureCountry>IL</ManufactureCountry>
      <ManufacturerItemDescription>גלידה בן&amp; ג'רי</ManufacturerItemDescription>
      <UnitQty>גרמים</UnitQty>
      <Quantity>428.00</Quantity>
      <bIsWeighted>0</bIsWeighted>
      <UnitOfMeasure>100 גרם</UnitOfMeasure>
      <QtyInPackage>0</QtyInPackage>
      <ItemPrice>24.90</ItemPrice>
      <UnitOfMeasurePrice>5.82</UnitOfMeasurePrice>
      <AllowDiscount>1</AllowDiscount>
      <ItemStatus>1</ItemStatus>
    </Item>
    <Item>
      <PriceUpdateDate>2019-12-16 11:39</PriceUpdateDate>
      <ItemCode>76840100989</ItemCode>
      <ItemType>1</ItemType>
      <ItemName>גלידת פיש פוד 473 מ"ל</ItemName>
      <ManufacturerName>מוצרי איכות אמריקאיים בע</ManufacturerName>
      <ManufactureCountry>IL</ManufactureCountry>
      <ManufacturerItemDescription>גל.בןאנדגריז</ManufacturerItemDescription>
      <UnitQty>מיליליטרים</UnitQty>
      <Quantity>473.00</Quantity>
      <bIsWeighted>0</bIsWeighted>
      <UnitOfMeasure>100 מ"ל</UnitOfMeasure>
      <QtyInPackage>0</QtyInPackage>
      <ItemPrice>24.90</ItemPrice>
      <UnitOfMeasurePrice>5.26</UnitOfMeasurePrice>
      <AllowDiscount>1</AllowDiscount>
      <ItemStatus>1</ItemStatus>
    </Item>
    <Item>
      <PriceUpdateDate>2019-12-16 11:39</PriceUpdateDate>
      <ItemCode>76840101542</ItemCode>
      <ItemType>1</ItemType>
      <ItemName>גלידת קרמל סוטרא 428גרם</ItemName>
      <ManufacturerName>מוצרי איכות אמריקאיים בע</ManufacturerName>
      <ManufactureCountry>IL</ManufactureCountry>
      <ManufacturerItemDescription>גל.קרמל</ManufacturerItemDescription>
      <UnitQty>גרמים</UnitQty>
      <Quantity>428.00</Quantity>
      <bIsWeighted>0</bIsWeighted>
      <UnitOfMeasure>100 גרם</UnitOfMeasure>
      <QtyInPackage>0</QtyInPackage>
      <ItemPrice>24.90</ItemPrice>
      <UnitOfMeasurePrice>5.82</UnitOfMeasurePrice>
      <AllowDiscount>1</AllowDiscount>
      <ItemStatus>1</ItemStatus>
    </Item>
    <Item>
      <PriceUpdateDate>2019-12-16 11:39</PriceUpdateDate>
      <ItemCode>76840102051</ItemCode>
      <ItemType>1</ItemType>
      <ItemName>גלידת שמנת קרמל וקינמון</ItemName>
      <ManufacturerName>מוצרי איכות אמריקאיים בע</ManufacturerName>
      <ManufactureCountry>IL</ManufactureCountry>
      <ManufacturerItemDescription>גלידת בן&amp; ג'רי</ManufacturerItemDescription>
      <UnitQty>מיליליטרים</UnitQty>
      <Quantity>473.00</Quantity>
      <bIsWeighted>0</bIsWeighted>
      <UnitOfMeasure>100 מ"ל</UnitOfMeasure>
      <QtyInPackage>0</QtyInPackage>
      <ItemPrice>24.90</ItemPrice>
      <UnitOfMeasurePrice>5.26</UnitOfMeasurePrice>
      <AllowDiscount>1</AllowDiscount>
      <ItemStatus>1</ItemStatus>
    </Item>
    <Item>
      <PriceUpdateDate>2019-12-16 11:39</PriceUpdateDate>
      <ItemCode>768404001640</ItemCode>
      <ItemType>1</ItemType>
      <ItemName>גלידה בטעם קפה 500 מ"ל</ItemName>
      <ManufacturerName>מוצרי איכות אמריקאיים בע</ManufacturerName>
      <ManufactureCountry>IL</ManufactureCountry>
      <ManufacturerItemDescription>גלידת בן &amp; ג'ריס</ManufacturerItemDescription>
      <UnitQty>מיליליטרים</UnitQty>
      <Quantity>500.00</Quantity>
      <bIsWeighted>0</bIsWeighted>
      <UnitOfMeasure>100 מ"ל</UnitOfMeasure>
      <QtyInPackage>0</QtyInPackage>
      <ItemPrice>24.90</ItemPrice>
      <UnitOfMeasurePrice>4.98</UnitOfMeasurePrice>
      <AllowDiscount>1</AllowDiscount>
      <ItemStatus>1</ItemStatus>
    </Item>
    <Item>
      <PriceUpdateDate>2019-12-16 11:39</PriceUpdateDate>
      <ItemCode>76840400218</ItemCode>
      <ItemType>1</ItemType>
      <ItemName>גל.עוגת גבינה עם תות 420</ItemName>
      <ManufacturerName>מוצרי איכות אמריקאיים בע</ManufacturerName>
      <ManufactureCountry>IL</ManufactureCountry>
      <ManufacturerItemDescription>גל.עוגת גבינ.תות</ManufacturerItemDescription>
      <UnitQty>גרמים</UnitQty>
      <Quantity>420.00</Quantity>
      <bIsWeighted>0</bIsWeighted>
      <UnitOfMeasure>100 גרם</UnitOfMeasure>
      <QtyInPackage>0</QtyInPackage>
      <ItemPrice>24.90</ItemPrice>
      <UnitOfMeasurePrice>5.93</UnitOfMeasurePrice>
      <AllowDiscount>1</AllowDiscount>
      <ItemStatus>1</ItemStatus>
    </Item>
    <Item>
      <PriceUpdateDate>2018-09-07 05:36</PriceUpdateDate>
      <ItemCode>7702024074625</ItemCode>
      <ItemType>1</ItemType>
      <ItemName>חטיפי קרקר חיטה מלאה234ג</ItemName>
      <ManufacturerName>קומסטיבלס לה רוזה אס.איי</ManufacturerName>
      <ManufactureCountry>CO</ManufactureCountry>
      <ManufacturerItemDescription>חטיפי קרקר פיטנס</ManufacturerItemDescription>
      <UnitQty>גרמים</UnitQty>
      <Quantity>234.00</Quantity>
      <bIsWeighted>0</bIsWeighted>
      <UnitOfMeasure>100 גרם</UnitOfMeasure>
      <QtyInPackage>1</QtyInPackage>
      <ItemPrice>13.90</ItemPrice>
      <UnitOfMeasurePrice>5.94</UnitOfMeasurePrice>
      <AllowDiscount>1</AllowDiscount>
      <ItemStatus>1</ItemStatus>
    </Item>
    <Item>
      <PriceUpdateDate>2017-02-06 13:15</PriceUpdateDate>
      <ItemCode>77245110610</ItemCode>
      <ItemType>1</ItemType>
      <ItemName>סוכריות מאסט מנטה 80 גרם</ItemName>
      <ManufacturerName>עלית</ManufacturerName>
      <ManufactureCountry>PL</ManufactureCountry>
      <ManufacturerItemDescription>סוכריות מאסט</ManufacturerItemDescription>
      <UnitQty>גרמים</UnitQty>
      <Quantity>80.00</Quantity>
      <bIsWeighted>0</bIsWeighted>
      <UnitOfMeasure>100 גרם</UnitOfMeasure>
      <QtyInPackage>0</QtyInPackage>
      <ItemPrice>8.90</ItemPrice>
      <UnitOfMeasurePrice>11.13</UnitOfMeasurePrice>
      <AllowDiscount>1</AllowDiscount>
      <ItemStatus>1</ItemStatus>
    </Item>
    <Item>
      <PriceUpdateDate>2016-05-06 07:07</PriceUpdateDate>
      <ItemCode>77975036976</ItemCode>
      <ItemType>1</ItemType>
      <ItemName>מתבל עגבניות סניידרס439ג</ItemName>
      <ManufacturerName>סניידרס</ManufacturerName>
      <ManufactureCountry>US</ManufactureCountry>
      <ManufacturerItemDescription>מתבל עגבניות</ManufacturerItemDescription>
      <UnitQty>גרמים</UnitQty>
      <Quantity>439.00</Quantity>
      <bIsWeighted>0</bIsWeighted>
      <UnitOfMeasure>100 גרם</UnitOfMeasure>
      <QtyInPackage>1</QtyInPackage>
      <ItemPrice>18.90</ItemPrice>
      <UnitOfMeasurePrice>4.31</UnitOfMeasurePrice>
      <AllowDiscount>1</AllowDiscount>
      <ItemStatus>1</ItemStatus>
    </Item>
    <Item>
      <PriceUpdateDate>2018-01-30 11:39</PriceUpdateDate>
      <ItemCode>77975088210</ItemCode>
      <ItemType>1</ItemType>
      <ItemName>שברי בייגל גבינת צ'דר340</ItemName>
      <ManufacturerName>סניידרס</ManufacturerName>
      <ManufactureCountry>US</ManufactureCountry>
      <ManufacturerItemDescription>שברי בייגל</ManufacturerItemDescription>
      <UnitQty>גרמים</UnitQty>
      <Quantity>340.00</Quantity>
      <bIsWeighted>0</bIsWeighted>
      <UnitOfMeasure>100 גרם</UnitOfMeasure>
      <QtyInPackage>0</QtyInPackage>
      <ItemPrice>17.70</ItemPrice>
      <UnitOfMeasurePrice>5.21</UnitOfMeasurePrice>
      <AllowDiscount>1</AllowDiscount>
      <ItemStatus>1</ItemStatus>
    </Item>
    <Item>
      <PriceUpdateDate>2018-01-30 11:39</PriceUpdateDate>
      <ItemCode>77975088227</ItemCode>
      <ItemType>1</ItemType>
      <ItemName>שברי בייגלה בצל חרדל340ג</ItemName>
      <ManufacturerName>סניידרס</ManufacturerName>
      <ManufactureCountry>US</ManufactureCountry>
      <ManufacturerItemDescription>שברי בייגלה</ManufacturerItemDescription>
      <UnitQty>גרמים</UnitQty>
      <Quantity>340.00</Quantity>
      <bIsWeighted>0</bIsWeighted>
      <UnitOfMeasure>100 גרם</UnitOfMeasure>
      <QtyInPackage>0</QtyInPackage>
      <ItemPrice>17.70</ItemPrice>
      <UnitOfMeasurePrice>5.21</UnitOfMeasurePrice>
      <AllowDiscount>1</AllowDiscount>
      <ItemStatus>1</ItemStatus>
    </Item>
    <Item>
      <PriceUpdateDate>2020-10-10 18:30</PriceUpdateDate>
      <ItemCode>7891024124826</ItemCode>
      <ItemType>1</ItemType>
      <ItemName>קולגייט אופטיק וייט 75מל</ItemName>
      <ManufacturerName>קולגייט פלמוליב</ManufacturerName>
      <ManufactureCountry>BR</ManufactureCountry>
      <ManufacturerItemDescription>משחת קולגייט</ManufacturerItemDescription>
      <UnitQty>מיליליטרים</UnitQty>
      <Quantity>75.00</Quantity>
      <bIsWeighted>0</bIsWeighted>
      <UnitOfMeasure>100 מ"ל</UnitOfMeasure>
      <QtyInPackage>0</QtyInPackage>
      <ItemPrice>18.90</ItemPrice>
      <UnitOfMeasurePrice>25.20</UnitOfMeasurePrice>
      <AllowDiscount>1</AllowDiscount>
      <ItemStatus>1</ItemStatus>
    </Item>
    <Item>
      <PriceUpdateDate>2019-03-08 05:37</PriceUpdateDate>
      <ItemCode>8000070003774</ItemCode>
      <ItemType>1</ItemType>
      <ItemName>קפסולות קפה אינטנסו 13</ItemName>
      <ManufacturerName>---</ManufacturerName>
      <ManufactureCountry>IT</ManufactureCountry>
      <ManufacturerItemDescription>קפסולות קפה</ManufacturerItemDescription>
      <UnitQty>גרמים</UnitQty>
      <Quantity>120.00</Quantity>
      <bIsWeighted>0</bIsWeighted>
      <UnitOfMeasure>100 גרם</UnitOfMeasure>
      <QtyInPackage>1</QtyInPackage>
      <ItemPrice>29.90</ItemPrice>
      <UnitOfMeasurePrice>24.92</UnitOfMeasurePrice>
      <AllowDiscount>1</AllowDiscount>
      <ItemStatus>1</ItemStatus>
    </Item>
    <Item>
      <PriceUpdateDate>2019-03-08 05:37</PriceUpdateDate>
      <ItemCode>8000070003798</ItemCode>
      <ItemType>1</ItemType>
      <ItemName>קפסולות קפה דליסיוזו8 1י</ItemName>
      <ManufacturerName>---</ManufacturerName>
      <ManufactureCountry>IT</ManufactureCountry>
      <ManufacturerItemDescription>קפסולות קפה</ManufacturerItemDescription>
      <UnitQty>גרמים</UnitQty>
      <Quantity>120.00</Quantity>
      <bIsWeighted>0</bIsWeighted>
      <UnitOfMeasure>100 גרם</UnitOfMeasure>
      <QtyInPackage>1</QtyInPackage>
      <ItemPrice>29.90</ItemPrice>
      <UnitOfMeasurePrice>24.92</UnitOfMeasurePrice>
      <AllowDiscount>1</AllowDiscount>
      <ItemStatus>1</ItemStatus>
    </Item>
    <Item>
      <PriceUpdateDate>2019-04-19 05:34</PriceUpdateDate>
      <ItemCode>8000070003842</ItemCode>
      <ItemType>1</ItemType>
      <ItemName>קפסולות קפה קרמוסו7 120ג</ItemName>
      <ManufacturerName>---</ManufacturerName>
      <ManufactureCountry>IT</ManufactureCountry>
      <ManufacturerItemDescription>קפסולות קפה</ManufacturerItemDescription>
      <UnitQty>גרמים</UnitQty>
      <Quantity>120.00</Quantity>
      <bIsWeighted>0</bIsWeighted>
      <UnitOfMeasure>100 גרם</UnitOfMeasure>
      <QtyInPackage>1</QtyInPackage>
      <ItemPrice>29.90</ItemPrice>
      <UnitOfMeasurePrice>24.92</UnitOfMeasurePrice>
      <AllowDiscount>1</AllowDiscount>
      <ItemStatus>1</ItemStatus>
    </Item>
    <Item>
      <PriceUpdateDate>2019-03-08 05:37</PriceUpdateDate>
      <ItemCode>8000070003880</ItemCode>
      <ItemType>1</ItemType>
      <ItemName>קפסולות קפה קרמה דולצ'ה6</ItemName>
      <ManufacturerName>---</ManufacturerName>
      <ManufactureCountry>IT</ManufactureCountry>
      <ManufacturerItemDescription>קפסולות קפה</ManufacturerItemDescription>
      <UnitQty>גרמים</UnitQty>
      <Quantity>128.00</Quantity>
      <bIsWeighted>0</bIsWeighted>
      <UnitOfMeasure>100 גרם</UnitOfMeasure>
      <QtyInPackage>1</QtyInPackage>
      <ItemPrice>29.90</ItemPrice>
      <UnitOfMeasurePrice>23.36</UnitOfMeasurePrice>
      <AllowDiscount>1</AllowDiscount>
      <ItemStatus>1</ItemStatus>
    </Item>
    <Item>
      <PriceUpdateDate>2019-03-08 05:37</PriceUpdateDate>
      <ItemCode>8000070003972</ItemCode>
      <ItemType>1</ItemType>
      <ItemName>קפסולות קפה סואבה 5 112</ItemName>
      <ManufacturerName>---</ManufacturerName>
      <ManufactureCountry>IT</ManufactureCountry>
      <ManufacturerItemDescription>קפסולות קפה</ManufacturerItemDescription>
      <UnitQty>גרמים</UnitQty>
      <Quantity>112.00</Quantity>
      <bIsWeighted>0</bIsWeighted>
      <UnitOfMeasure>100 גרם</UnitOfMeasure>
      <QtyInPackage>1</QtyInPackage>
      <ItemPrice>29.90</ItemPrice>
      <UnitOfMeasurePrice>26.70</UnitOfMeasurePrice>
      <AllowDiscount>1</AllowDiscount>
      <ItemStatus>1</ItemStatus>
    </Item>
    <Item>
      <PriceUpdateDate>2015-09-30 08:04</PriceUpdateDate>
      <ItemCode>8000113003402</ItemCode>
      <ItemType>1</ItemType>
      <ItemName>קמח תירס</ItemName>
      <ManufacturerName />
      <ManufactureCountry>IT</ManufactureCountry>
      <ManufacturerItemDescription>קמח תירס</ManufacturerItemDescription>
      <UnitQty>קילוגרמים</UnitQty>
      <Quantity>1.00</Quantity>
      <bIsWeighted>0</bIsWeighted>
      <UnitOfMeasure>ק"ג</UnitOfMeasure>
      <QtyInPackage>0</QtyInPackage>
      <ItemPrice>16.70</ItemPrice>
      <UnitOfMeasurePrice>16.70</UnitOfMeasurePrice>
      <AllowDiscount>1</AllowDiscount>
      <ItemStatus>1</ItemStatus>
    </Item>
    <Item>
      <PriceUpdateDate>2013-12-10 06:28</PriceUpdateDate>
      <ItemCode>80001287</ItemCode>
      <ItemType>1</ItemType>
      <ItemName>חטיף גרדנה אגוז 38 גרם</ItemName>
      <ManufacturerName>---</ManufacturerName>
      <ManufactureCountry>AT</ManufactureCountry>
      <ManufacturerItemDescription>חטיף גרדנה</ManufacturerItemDescription>
      <UnitQty>גרמים</UnitQty>
      <Quantity>38.00</Quantity>
      <bIsWeighted>0</bIsWeighted>
      <UnitOfMeasure>100 גרם</UnitOfMeasure>
      <QtyInPackage>0</QtyInPackage>
      <ItemPrice>4.90</ItemPrice>
      <UnitOfMeasurePrice>12.89</UnitOfMeasurePrice>
      <AllowDiscount>1</AllowDiscount>
      <ItemStatus>1</ItemStatus>
    </Item>
    <Item>
      <PriceUpdateDate>2014-02-24 12:43</PriceUpdateDate>
      <ItemCode>80001461</ItemCode>
      <ItemType>1</ItemType>
      <ItemName>חטיף גרנדה שוקולד 38 גרם</ItemName>
      <ManufacturerName>לואקר</ManufacturerName>
      <ManufactureCountry>AT</ManufactureCountry>
      <ManufacturerItemDescription>חטיף גרנדה שוקול</ManufacturerItemDescription>
      <UnitQty>גרמים</UnitQty>
      <Quantity>38.00</Quantity>
      <bIsWeighted>0</bIsWeighted>
      <UnitOfMeasure>100 גרם</UnitOfMeasure>
      <QtyInPackage>0</QtyInPackage>
      <ItemPrice>4.90</ItemPrice>
      <UnitOfMeasurePrice>12.89</UnitOfMeasurePrice>
      <AllowDiscount>1</AllowDiscount>
      <ItemStatus>1</ItemStatus>
    </Item>
    <Item>
      <PriceUpdateDate>2018-05-28 13:38</PriceUpdateDate>
      <ItemCode>8000300367836</ItemCode>
      <ItemType>1</ItemType>
      <ItemName>קראנץ פופס יח'</ItemName>
      <ManufacturerName>נסטלה</ManufacturerName>
      <ManufactureCountry>IT</ManufactureCountry>
      <ManufacturerItemDescription>קראנץ פופס</ManufacturerItemDescription>
      <UnitQty>יחידה</UnitQty>
      <Quantity>1.00</Quantity>
      <bIsWeighted>0</bIsWeighted>
      <UnitOfMeasure>יחידה</UnitOfMeasure>
      <QtyInPackage>1</QtyInPackage>
      <ItemPrice>10.00</ItemPrice>
      <UnitOfMeasurePrice>10.00</UnitOfMeasurePrice>
      <AllowDiscount>1</AllowDiscount>
      <ItemStatus>1</ItemStatus>
    </Item>
    <Item>
      <PriceUpdateDate>2020-10-10 19:00</PriceUpdateDate>
      <ItemCode>8000380001446</ItemCode>
      <ItemType>1</ItemType>
      <ItemName>לואקיני חלב 100 גרם</ItemName>
      <ManufacturerName>לואקר</ManufacturerName>
      <ManufactureCountry>IT</ManufactureCountry>
      <ManufacturerItemDescription>לואקיני מריר</ManufacturerItemDescription>
      <UnitQty>גרמים</UnitQty>
      <Quantity>100.00</Quantity>
      <bIsWeighted>0</bIsWeighted>
      <UnitOfMeasure>100 גרם</UnitOfMeasure>
      <QtyInPackage>1</QtyInPackage>
      <ItemPrice>10.00</ItemPrice>
      <UnitOfMeasurePrice>10.00</UnitOfMeasurePrice>
      <AllowDiscount>1</AllowDiscount>
      <ItemStatus>1</ItemStatus>
    </Item>
    <Item>
      <PriceUpdateDate>2020-10-10 19:00</PriceUpdateDate>
      <ItemCode>8000380003723</ItemCode>
      <ItemType>1</ItemType>
      <ItemName>גראנד פטיסרי אגוז 100גרם</ItemName>
      <ManufacturerName>א. לואקר</ManufacturerName>
      <ManufactureCountry>IT</ManufactureCountry>
      <ManufacturerItemDescription>גראנד פטיסרי</ManufacturerItemDescription>
      <UnitQty>גרמים</UnitQty>
      <Quantity>100.00</Quantity>
      <bIsWeighted>0</bIsWeighted>
      <UnitOfMeasure>100 גרם</UnitOfMeasure>
      <QtyInPackage>0</QtyInPackage>
      <ItemPrice>10.00</ItemPrice>
      <UnitOfMeasurePrice>10.00</UnitOfMeasurePrice>
      <AllowDiscount>1</AllowDiscount>
      <ItemStatus>1</ItemStatus>
    </Item>
    <Item>
      <PriceUpdateDate>2020-10-10 19:00</PriceUpdateDate>
      <ItemCode>8000380003761</ItemCode>
      <ItemType>1</ItemType>
      <ItemName>גראנד פטיסרי קוקוס100גרם</ItemName>
      <ManufacturerName>א. לואקר</ManufacturerName>
      <ManufactureCountry>IT</ManufactureCountry>
      <ManufacturerItemDescription>גראנד פטיסרי</ManufacturerItemDescription>
      <UnitQty>גרמים</UnitQty>
      <Quantity>100.00</Quantity>
      <bIsWeighted>0</bIsWeighted>
      <UnitOfMeasure>100 גרם</UnitOfMeasure>
      <QtyInPackage>0</QtyInPackage>
      <ItemPrice>10.00</ItemPrice>
      <UnitOfMeasurePrice>10.00</UnitOfMeasurePrice>
      <AllowDiscount>1</AllowDiscount>
      <ItemStatus>1</ItemStatus>
    </Item>
    <Item>
      <PriceUpdateDate>2018-01-30 11:39</PriceUpdateDate>
      <ItemCode>8000380004669</ItemCode>
      <ItemType>1</ItemType>
      <ItemName>וופל לואקר קקאו 200 גרם</ItemName>
      <ManufacturerName>לואקר</ManufacturerName>
      <ManufactureCountry>AT</ManufactureCountry>
      <ManufacturerItemDescription>וופל לואקר קקאו</ManufacturerItemDescription>
      <UnitQty>גרמים</UnitQty>
      <Quantity>200.00</Quantity>
      <bIsWeighted>0</bIsWeighted>
      <UnitOfMeasure>100 גרם</UnitOfMeasure>
      <QtyInPackage>0</QtyInPackage>
      <ItemPrice>14.20</ItemPrice>
      <UnitOfMeasurePrice>7.10</UnitOfMeasurePrice>
      <AllowDiscount>1</AllowDiscount>
      <ItemStatus>1</ItemStatus>
    </Item>
    <Item>
      <PriceUpdateDate>2018-01-30 11:39</PriceUpdateDate>
      <ItemCode>8000380004676</ItemCode>
      <ItemType>1</ItemType>
      <ItemName>ופלים לואקר וניל 200 גרם</ItemName>
      <ManufacturerName>לואקר</ManufacturerName>
      <ManufactureCountry>AT</ManufactureCountry>
      <ManufacturerItemDescription>ופלים לואקר</ManufacturerItemDescription>
      <UnitQty>גרמים</UnitQty>
      <Quantity>200.00</Quantity>
      <bIsWeighted>0</bIsWeighted>
      <UnitOfMeasure>100 גרם</UnitOfMeasure>
      <QtyInPackage>0</QtyInPackage>
      <ItemPrice>14.20</ItemPrice>
      <UnitOfMeasurePrice>7.10</UnitOfMeasurePrice>
      <AllowDiscount>1</AllowDiscount>
      <ItemStatus>1</ItemStatus>
    </Item>
    <Item>
      <PriceUpdateDate>2017-08-22 07:06</PriceUpdateDate>
      <ItemCode>8000380004911</ItemCode>
      <ItemType>1</ItemType>
      <ItemName>ופלים קואדרטיני אגוז250ג</ItemName>
      <ManufacturerName>א. לואקר</ManufacturerName>
      <ManufactureCountry>AT</ManufactureCountry>
      <ManufacturerItemDescription>ופל קואדרטיני</ManufacturerItemDescription>
      <UnitQty>גרמים</UnitQty>
      <Quantity>250.00</Quantity>
      <bIsWeighted>0</bIsWeighted>
      <UnitOfMeasure>100 גרם</UnitOfMeasure>
      <QtyInPackage>0</QtyInPackage>
      <ItemPrice>15.20</ItemPrice>
      <UnitOfMeasurePrice>6.08</UnitOfMeasurePrice>
      <AllowDiscount>1</AllowDiscount>
      <ItemStatus>1</ItemStatus>
    </Item>
    <Item>
      <PriceUpdateDate>2017-08-22 07:06</PriceUpdateDate>
      <ItemCode>8000380004966</ItemCode>
      <ItemType>1</ItemType>
      <ItemName>ופלים קואדרטיני קקאו250ג</ItemName>
      <ManufacturerName>א. לואקר</ManufacturerName>
      <ManufactureCountry>AT</ManufactureCountry>
      <ManufacturerItemDescription>ופל קואדרטיני</ManufacturerItemDescription>
      <UnitQty>גרמים</UnitQty>
      <Quantity>250.00</Quantity>
      <bIsWeighted>0</bIsWeighted>
      <UnitOfMeasure>100 גרם</UnitOfMeasure>
      <QtyInPackage>0</QtyInPackage>
      <ItemPrice>15.20</ItemPrice>
      <UnitOfMeasurePrice>6.08</UnitOfMeasurePrice>
      <AllowDiscount>1</AllowDiscount>
      <ItemStatus>1</ItemStatus>
    </Item>
    <Item>
      <PriceUpdateDate>2017-06-06 06:48</PriceUpdateDate>
      <ItemCode>8000380007257</ItemCode>
      <ItemType>1</ItemType>
      <ItemName>ופלים גרדנה 200 גרם</ItemName>
      <ManufacturerName>א. לואקר</ManufacturerName>
      <ManufactureCountry>IT</ManufactureCountry>
      <ManufacturerItemDescription>ופלים גרדנה</ManufacturerItemDescription>
      <UnitQty>גרמים</UnitQty>
      <Quantity>200.00</Quantity>
      <bIsWeighted>0</bIsWeighted>
      <UnitOfMeasure>100 גרם</UnitOfMeasure>
      <QtyInPackage>0</QtyInPackage>
      <ItemPrice>15.10</ItemPrice>
      <UnitOfMeasurePrice>7.55</UnitOfMeasurePrice>
      <AllowDiscount>1</AllowDiscount>
      <ItemStatus>1</ItemStatus>
    </Item>
    <Item>
      <PriceUpdateDate>2015-09-30 08:09</PriceUpdateDate>
      <ItemCode>8000380106028</ItemCode>
      <ItemType>1</ItemType>
      <ItemName>וופל טורטינה אורגינל125ג</ItemName>
      <ManufacturerName>א. לואקר</ManufacturerName>
      <ManufactureCountry>IT</ManufactureCountry>
      <ManufacturerItemDescription>וופל טורטינה</ManufacturerItemDescription>
      <UnitQty>גרמים</UnitQty>
      <Quantity>125.00</Quantity>
      <bIsWeighted>0</bIsWeighted>
      <UnitOfMeasure>100 גרם</UnitOfMeasure>
      <QtyInPackage>0</QtyInPackage>
      <ItemPrice>18.50</ItemPrice>
      <UnitOfMeasurePrice>14.80</UnitOfMeasurePrice>
      <AllowDiscount>1</AllowDiscount>
      <ItemStatus>1</ItemStatus>
    </Item>
    <Item>
      <PriceUpdateDate>2020-10-10 19:00</PriceUpdateDate>
      <ItemCode>8000380180721</ItemCode>
      <ItemType>1</ItemType>
      <ItemName>וופל לואקר שוקו חלב175ג</ItemName>
      <ManufacturerName>א. לואקר</ManufacturerName>
      <ManufactureCountry>AT</ManufactureCountry>
      <ManufacturerItemDescription>וופל לואקר</ManufacturerItemDescription>
      <UnitQty>גרמים</UnitQty>
      <Quantity>175.00</Quantity>
      <bIsWeighted>0</bIsWeighted>
      <UnitOfMeasure>100 גרם</UnitOfMeasure>
      <QtyInPackage>1</QtyInPackage>
      <ItemPrice>10.90</ItemPrice>
      <UnitOfMeasurePrice>6.23</UnitOfMeasurePrice>
      <AllowDiscount>1</AllowDiscount>
      <ItemStatus>1</ItemStatus>
    </Item>
    <Item>
      <PriceUpdateDate>2017-08-22 07:06</PriceUpdateDate>
      <ItemCode>8000380180745</ItemCode>
      <ItemType>1</ItemType>
      <ItemName>ופל קואדרטיני שוק/חלב250</ItemName>
      <ManufacturerName>לואקר</ManufacturerName>
      <ManufactureCountry>AT</ManufactureCountry>
      <ManufacturerItemDescription>וופל קואדרטיני</ManufacturerItemDescription>
      <UnitQty>גרמים</UnitQty>
      <Quantity>250.00</Quantity>
      <bIsWeighted>0</bIsWeighted>
      <UnitOfMeasure>100 גרם</UnitOfMeasure>
      <QtyInPackage>1</QtyInPackage>
      <ItemPrice>15.20</ItemPrice>
      <UnitOfMeasurePrice>6.08</UnitOfMeasurePrice>
      <AllowDiscount>1</AllowDiscount>
      <ItemStatus>1</ItemStatus>
    </Item>
    <Item>
      <PriceUpdateDate>2020-10-10 19:00</PriceUpdateDate>
      <ItemCode>8000380180837</ItemCode>
      <ItemType>1</ItemType>
      <ItemName>גרנד פטיסרי לבן קוקוס 10</ItemName>
      <ManufacturerName>לואקר</ManufacturerName>
      <ManufactureCountry>IT</ManufactureCountry>
      <ManufacturerItemDescription>גרנד פטיסרי</ManufacturerItemDescription>
      <UnitQty>גרמים</UnitQty>
      <Quantity>100.00</Quantity>
      <bIsWeighted>0</bIsWeighted>
      <UnitOfMeasure>100 גרם</UnitOfMeasure>
      <QtyInPackage>1</QtyInPackage>
      <ItemPrice>10.00</ItemPrice>
      <UnitOfMeasurePrice>10.00</UnitOfMeasurePrice>
      <AllowDiscount>1</AllowDiscount>
      <ItemStatus>1</ItemStatus>
    </Item>
    <Item>
      <PriceUpdateDate>2019-12-10 07:34</PriceUpdateDate>
      <ItemCode>8000500023624</ItemCode>
      <ItemType>1</ItemType>
      <ItemName>חטיף קינדר הפי היפו 5יח'</ItemName>
      <ManufacturerName>פררו</ManufacturerName>
      <ManufactureCountry>DE</ManufactureCountry>
      <ManufacturerItemDescription>קינדר הפי היפו</ManufacturerItemDescription>
      <UnitQty>גרמים</UnitQty>
      <Quantity>102.00</Quantity>
      <bIsWeighted>0</bIsWeighted>
      <UnitOfMeasure>100 גרם</UnitOfMeasure>
      <QtyInPackage>0</QtyInPackage>
      <ItemPrice>13.90</ItemPrice>
      <UnitOfMeasurePrice>13.63</UnitOfMeasurePrice>
      <AllowDiscount>1</AllowDiscount>
      <ItemStatus>1</ItemStatus>
    </Item>
    <Item>
      <PriceUpdateDate>2020-10-10 19:00</PriceUpdateDate>
      <ItemCode>8000500026731</ItemCode>
      <ItemType>1</ItemType>
      <ItemName>ביצי הפתעה קינדר 20*3 גר</ItemName>
      <ManufacturerName>פררו</ManufacturerName>
      <ManufactureCountry>IT</ManufactureCountry>
      <ManufacturerItemDescription>ביצי הפתעה קינדר</ManufacturerItemDescription>
      <UnitQty>גרמים</UnitQty>
      <Quantity>60.00</Quantity>
      <bIsWeighted>0</bIsWeighted>
      <UnitOfMeasure>100 גרם</UnitOfMeasure>
      <QtyInPackage>1</QtyInPackage>
      <ItemPrice>13.90</ItemPrice>
      <UnitOfMeasurePrice>23.17</UnitOfMeasurePrice>
      <AllowDiscount>1</AllowDiscount>
      <ItemStatus>1</ItemStatus>
    </Item>
    <Item>
      <PriceUpdateDate>2020-10-10 18:30</PriceUpdateDate>
      <ItemCode>8000500029350</ItemCode>
      <ItemType>1</ItemType>
      <ItemName>קינדר בואנו 43*3 גרם</ItemName>
      <ManufacturerName>פררו</ManufacturerName>
      <ManufactureCountry>PL</ManufactureCountry>
      <ManufacturerItemDescription>קינדר בואנו</ManufacturerItemDescription>
      <UnitQty>גרמים</UnitQty>
      <Quantity>129.00</Quantity>
      <bIsWeighted>0</bIsWeighted>
      <UnitOfMeasure>100 גרם</UnitOfMeasure>
      <QtyInPackage>0</QtyInPackage>
      <ItemPrice>8.90</ItemPrice>
      <UnitOfMeasurePrice>6.90</UnitOfMeasurePrice>
      <AllowDiscount>1</AllowDiscount>
      <ItemStatus>1</ItemStatus>
    </Item>
    <Item>
      <PriceUpdateDate>2019-12-10 07:34</PriceUpdateDate>
      <ItemCode>8000500032237</ItemCode>
      <ItemType>1</ItemType>
      <ItemName>בונ.רושה 375 גרם</ItemName>
      <ManufacturerName>פררו</ManufacturerName>
      <ManufactureCountry>IT</ManufactureCountry>
      <ManufacturerItemDescription>בונבוניירה רושה</ManufacturerItemDescription>
      <UnitQty>גרמים</UnitQty>
      <Quantity>375.00</Quantity>
      <bIsWeighted>0</bIsWeighted>
      <UnitOfMeasure>100 גרם</UnitOfMeasure>
      <QtyInPackage>0</QtyInPackage>
      <ItemPrice>49.90</ItemPrice>
      <UnitOfMeasurePrice>13.31</UnitOfMeasurePrice>
      <AllowDiscount>1</AllowDiscount>
      <ItemStatus>1</ItemStatus>
    </Item>
    <Item>
      <PriceUpdateDate>2019-12-10 07:34</PriceUpdateDate>
      <ItemCode>8000500037874</ItemCode>
      <ItemType>1</ItemType>
      <ItemName>בונ.פררו רושה 200 גרם</ItemName>
      <ManufacturerName>פררו</ManufacturerName>
      <ManufactureCountry>IT</ManufactureCountry>
      <ManufacturerItemDescription>בונבונירה רושר</ManufacturerItemDescription>
      <UnitQty>גרמים</UnitQty>
      <Quantity>200.00</Quantity>
      <bIsWeighted>0</bIsWeighted>
      <UnitOfMeasure>100 גרם</UnitOfMeasure>
      <QtyInPackage>0</QtyInPackage>
      <ItemPrice>27.90</ItemPrice>
      <UnitOfMeasurePrice>13.95</UnitOfMeasurePrice>
      <AllowDiscount>1</AllowDiscount>
      <ItemStatus>1</ItemStatus>
    </Item>
    <Item>
      <PriceUpdateDate>2019-12-10 07:34</PriceUpdateDate>
      <ItemCode>8000500071083</ItemCode>
      <ItemType>1</ItemType>
      <ItemName>שוקולד קינדר 200 גרם</ItemName>
      <ManufacturerName>פררו</ManufacturerName>
      <ManufactureCountry>IT</ManufactureCountry>
      <ManufacturerItemDescription>שוקולד חלב קינדר</ManufacturerItemDescription>
      <UnitQty>גרמים</UnitQty>
      <Quantity>200.00</Quantity>
      <bIsWeighted>0</bIsWeighted>
      <UnitOfMeasure>100 גרם</UnitOfMeasure>
      <QtyInPackage>0</QtyInPackage>
      <ItemPrice>14.50</ItemPrice>
      <UnitOfMeasurePrice>7.25</UnitOfMeasurePrice>
      <AllowDiscount>1</AllowDiscount>
      <ItemStatus>1</ItemStatus>
    </Item>
    <Item>
      <PriceUpdateDate>2019-12-10 07:34</PriceUpdateDate>
      <ItemCode>8000500075708</ItemCode>
      <ItemType>1</ItemType>
      <ItemName>ביצי קינדר ג'וי כחול20*3</ItemName>
      <ManufacturerName>פררו</ManufacturerName>
      <ManufactureCountry>ZA</ManufactureCountry>
      <ManufacturerItemDescription>קינדר ג'וי כחול</ManufacturerItemDescription>
      <UnitQty>גרמים</UnitQty>
      <Quantity>60.00</Quantity>
      <bIsWeighted>0</bIsWeighted>
      <UnitOfMeasure>100 גרם</UnitOfMeasure>
      <QtyInPackage>0</QtyInPackage>
      <ItemPrice>16.00</ItemPrice>
      <UnitOfMeasurePrice>26.67</UnitOfMeasurePrice>
      <AllowDiscount>1</AllowDiscount>
      <ItemStatus>1</ItemStatus>
    </Item>
    <Item>
      <PriceUpdateDate>2020-10-10 18:30</PriceUpdateDate>
      <ItemCode>8000500121436</ItemCode>
      <ItemType>1</ItemType>
      <ItemName>קינדר בואנו לבן 39*3 גרם</ItemName>
      <ManufacturerName>פררו</ManufacturerName>
      <ManufactureCountry>PL</ManufactureCountry>
      <ManufacturerItemDescription>קינדר בואנו לבן</ManufacturerItemDescription>
      <UnitQty>גרמים</UnitQty>
      <Quantity>117.00</Quantity>
      <bIsWeighted>0</bIsWeighted>
      <UnitOfMeasure>100 גרם</UnitOfMeasure>
      <QtyInPackage>0</QtyInPackage>
      <ItemPrice>8.90</ItemPrice>
      <UnitOfMeasurePrice>7.61</UnitOfMeasurePrice>
      <AllowDiscount>1</AllowDiscount>
      <ItemStatus>1</ItemStatus>
    </Item>
    <Item>
      <PriceUpdateDate>2019-12-10 07:34</PriceUpdateDate>
      <ItemCode>8000500126325</ItemCode>
      <ItemType>1</ItemType>
      <ItemName>ביצי קינדר ג'וי ורוד20*3</ItemName>
      <ManufacturerName>פררו</ManufacturerName>
      <ManufactureCountry>ZA</ManufactureCountry>
      <ManufacturerItemDescription>קינדר ג'וי ורוד</ManufacturerItemDescription>
      <UnitQty>גרמים</UnitQty>
      <Quantity>60.00</Quantity>
      <bIsWeighted>0</bIsWeighted>
      <UnitOfMeasure>100 גרם</UnitOfMeasure>
      <QtyInPackage>0</QtyInPackage>
      <ItemPrice>16.00</ItemPrice>
      <UnitOfMeasurePrice>26.67</UnitOfMeasurePrice>
      <AllowDiscount>1</AllowDiscount>
      <ItemStatus>1</ItemStatus>
    </Item>
    <Item>
      <PriceUpdateDate>2019-12-10 07:34</PriceUpdateDate>
      <ItemCode>8000500167656</ItemCode>
      <ItemType>1</ItemType>
      <ItemName>קינדר שוקולד עם דגנים94ג</ItemName>
      <ManufacturerName>פררו</ManufacturerName>
      <ManufactureCountry>IT</ManufactureCountry>
      <ManufacturerItemDescription>קינדר שוקולד</ManufacturerItemDescription>
      <UnitQty>גרמים</UnitQty>
      <Quantity>94.00</Quantity>
      <bIsWeighted>0</bIsWeighted>
      <UnitOfMeasure>100 גרם</UnitOfMeasure>
      <QtyInPackage>1</QtyInPackage>
      <ItemPrice>9.00</ItemPrice>
      <UnitOfMeasurePrice>9.57</UnitOfMeasurePrice>
      <AllowDiscount>1</AllowDiscount>
      <ItemStatus>1</ItemStatus>
    </Item>
    <Item>
      <PriceUpdateDate>2019-12-10 07:34</PriceUpdateDate>
      <ItemCode>8000500249352</ItemCode>
      <ItemType>1</ItemType>
      <ItemName>קינדר בואנו מיני מיקס205</ItemName>
      <ManufacturerName>פררו</ManufacturerName>
      <ManufactureCountry>PL</ManufactureCountry>
      <ManufacturerItemDescription>קינדר בואנו מיני</ManufacturerItemDescription>
      <UnitQty>גרמים</UnitQty>
      <Quantity>205.00</Quantity>
      <bIsWeighted>0</bIsWeighted>
      <UnitOfMeasure>100 גרם</UnitOfMeasure>
      <QtyInPackage>1</QtyInPackage>
      <ItemPrice>19.90</ItemPrice>
      <UnitOfMeasurePrice>9.71</UnitOfMeasurePrice>
      <AllowDiscount>1</AllowDiscount>
      <ItemStatus>1</ItemStatus>
    </Item>
    <Item>
      <PriceUpdateDate>2018-08-24 05:36</PriceUpdateDate>
      <ItemCode>8000500267103</ItemCode>
      <ItemType>1</ItemType>
      <ItemName>עוגות אישי.קינדר דליס390</ItemName>
      <ManufacturerName>פררו</ManufacturerName>
      <ManufactureCountry>IT</ManufactureCountry>
      <ManufacturerItemDescription>עוגות קינדר דליס</ManufacturerItemDescription>
      <UnitQty>גרמים</UnitQty>
      <Quantity>390.00</Quantity>
      <bIsWeighted>0</bIsWeighted>
      <UnitOfMeasure>100 גרם</UnitOfMeasure>
      <QtyInPackage>1</QtyInPackage>
      <ItemPrice>20.90</ItemPrice>
      <UnitOfMeasurePrice>5.36</UnitOfMeasurePrice>
      <AllowDiscount>1</AllowDiscount>
      <ItemStatus>1</ItemStatus>
    </Item>
    <Item>
      <PriceUpdateDate>2020-07-17 05:37</PriceUpdateDate>
      <ItemCode>8000500338827</ItemCode>
      <ItemType>1</ItemType>
      <ItemName>סוכריות טיק טק קולה 29גר</ItemName>
      <ManufacturerName>פררו</ManufacturerName>
      <ManufactureCountry>CA</ManufactureCountry>
      <ManufacturerItemDescription>סוכריות טיק טק</ManufacturerItemDescription>
      <UnitQty>גרמים</UnitQty>
      <Quantity>29.00</Quantity>
      <bIsWeighted>0</bIsWeighted>
      <UnitOfMeasure>100 גרם</UnitOfMeasure>
      <QtyInPackage>1</QtyInPackage>
      <ItemPrice>6.50</ItemPrice>
      <UnitOfMeasurePrice>22.41</UnitOfMeasurePrice>
      <AllowDiscount>1</AllowDiscount>
      <ItemStatus>1</ItemStatus>
    </Item>
    <Item>
      <PriceUpdateDate>2018-05-28 13:38</PriceUpdateDate>
      <ItemCode>8000920704967</ItemCode>
      <ItemType>1</ItemType>
      <ItemName>שורטי צ'נקי מנקי יח</ItemName>
      <ManufacturerName>מוצרי איכות אמריקאיים</ManufacturerName>
      <ManufactureCountry>IL</ManufactureCountry>
      <ManufacturerItemDescription>שורטי צנקי מנק</ManufacturerItemDescription>
      <UnitQty>מיליליטרים</UnitQty>
      <Quantity>150.00</Quantity>
      <bIsWeighted>0</bIsWeighted>
      <UnitOfMeasure>100 מ"ל</UnitOfMeasure>
      <QtyInPackage>0</QtyInPackage>
      <ItemPrice>10.00</ItemPrice>
      <UnitOfMeasurePrice>6.67</UnitOfMeasurePrice>
      <AllowDiscount>1</AllowDiscount>
      <ItemStatus>1</ItemStatus>
    </Item>
    <Item>
      <PriceUpdateDate>2018-05-28 13:38</PriceUpdateDate>
      <ItemCode>8000920704998</ItemCode>
      <ItemType>1</ItemType>
      <ItemName>שורטי בצק עגיות יח</ItemName>
      <ManufacturerName>מוצרי איכות אמריקאיים בע</ManufacturerName>
      <ManufactureCountry>IL</ManufactureCountry>
      <ManufacturerItemDescription>שורטי בצק עגיו</ManufacturerItemDescription>
      <UnitQty>גרמים</UnitQty>
      <Quantity>150.00</Quantity>
      <bIsWeighted>0</bIsWeighted>
      <UnitOfMeasure>100 גרם</UnitOfMeasure>
      <QtyInPackage>0</QtyInPackage>
      <ItemPrice>10.00</ItemPrice>
      <UnitOfMeasurePrice>6.67</UnitOfMeasurePrice>
      <AllowDiscount>1</AllowDiscount>
      <ItemStatus>1</ItemStatus>
    </Item>
    <Item>
      <PriceUpdateDate>2018-01-30 11:39</PriceUpdateDate>
      <ItemCode>8001090184375</ItemCode>
      <ItemType>1</ItemType>
      <ItemName>פיירי לכלים אוריגינל 900</ItemName>
      <ManufacturerName>פרוקטר אנד גמבל</ManufacturerName>
      <ManufactureCountry>GB</ManufactureCountry>
      <ManufacturerItemDescription>פיירי לכלים</ManufacturerItemDescription>
      <UnitQty>מיליליטרים</UnitQty>
      <Quantity>900.00</Quantity>
      <bIsWeighted>0</bIsWeighted>
      <UnitOfMeasure>100 מ"ל</UnitOfMeasure>
      <QtyInPackage>1</QtyInPackage>
      <ItemPrice>12.50</ItemPrice>
      <UnitOfMeasurePrice>1.39</UnitOfMeasurePrice>
      <AllowDiscount>1</AllowDiscount>
      <ItemStatus>1</ItemStatus>
    </Item>
    <Item>
      <PriceUpdateDate>2018-01-30 11:39</PriceUpdateDate>
      <ItemCode>8001090184412</ItemCode>
      <ItemType>1</ItemType>
      <ItemName>פיירי לכלים לימון 900 מל</ItemName>
      <ManufacturerName>פרוקטר אנד גמבל</ManufacturerName>
      <ManufactureCountry>GB</ManufactureCountry>
      <ManufacturerItemDescription>פיירי לכלים</ManufacturerItemDescription>
      <UnitQty>מיליליטרים</UnitQty>
      <Quantity>900.00</Quantity>
      <bIsWeighted>0</bIsWeighted>
      <UnitOfMeasure>100 מ"ל</UnitOfMeasure>
      <QtyInPackage>1</QtyInPackage>
      <ItemPrice>12.50</ItemPrice>
      <UnitOfMeasurePrice>1.39</UnitOfMeasurePrice>
      <AllowDiscount>1</AllowDiscount>
      <ItemStatus>1</ItemStatus>
    </Item>
    <Item>
      <PriceUpdateDate>2018-07-17 09:27</PriceUpdateDate>
      <ItemCode>8001090721099</ItemCode>
      <ItemType>1</ItemType>
      <ItemName>קפסולות כביסה אריאל 27יח</ItemName>
      <ManufacturerName>פרוקטר אנד גמבל</ManufacturerName>
      <ManufactureCountry>FR</ManufactureCountry>
      <ManufacturerItemDescription>קפסולות גל כביסה</ManufacturerItemDescription>
      <UnitQty>יחידה</UnitQty>
      <Quantity>1.00</Quantity>
      <bIsWeighted>0</bIsWeighted>
      <UnitOfMeasure>יחידה</UnitOfMeasure>
      <QtyInPackage>1</QtyInPackage>
      <ItemPrice>36.90</ItemPrice>
      <UnitOfMeasurePrice>36.90</UnitOfMeasurePrice>
      <AllowDiscount>1</AllowDiscount>
      <ItemStatus>1</ItemStatus>
    </Item>
    <Item>
      <PriceUpdateDate>2018-08-31 05:35</PriceUpdateDate>
      <ItemCode>8001090802385</ItemCode>
      <ItemType>1</ItemType>
      <ItemName>טייד קפסולות ג'ל 26 יחיד</ItemName>
      <ManufacturerName>פרוקטר אנד גמבל</ManufacturerName>
      <ManufactureCountry>FR</ManufactureCountry>
      <ManufacturerItemDescription>טייד קפסולות ג'ל</ManufacturerItemDescription>
      <UnitQty>יחידה</UnitQty>
      <Quantity>1.00</Quantity>
      <bIsWeighted>0</bIsWeighted>
      <UnitOfMeasure>יחידה</UnitOfMeasure>
      <QtyInPackage>1</QtyInPackage>
      <ItemPrice>32.90</ItemPrice>
      <UnitOfMeasurePrice>32.90</UnitOfMeasurePrice>
      <AllowDiscount>1</AllowDiscount>
      <ItemStatus>1</ItemStatus>
    </Item>
    <Item>
      <PriceUpdateDate>2018-07-27 05:34</PriceUpdateDate>
      <ItemCode>8001090832498</ItemCode>
      <ItemType>1</ItemType>
      <ItemName>שמפו פנטן 3ב1 קלאסי 660מ</ItemName>
      <ManufacturerName>פרוקטר אנד גמבל</ManufacturerName>
      <ManufactureCountry>RO</ManufactureCountry>
      <ManufacturerItemDescription>שמפו פנטן</ManufacturerItemDescription>
      <UnitQty>מיליליטרים</UnitQty>
      <Quantity>660.00</Quantity>
      <bIsWeighted>0</bIsWeighted>
      <UnitOfMeasure>100 מ"ל</UnitOfMeasure>
      <QtyInPackage>1</QtyInPackage>
      <ItemPrice>22.90</ItemPrice>
      <UnitOfMeasurePrice>3.47</UnitOfMeasurePrice>
      <AllowDiscount>1</AllowDiscount>
      <ItemStatus>1</ItemStatus>
    </Item>
    <Item>
      <PriceUpdateDate>2018-11-30 05:34</PriceUpdateDate>
      <ItemCode>8001090832696</ItemCode>
      <ItemType>1</ItemType>
      <ItemName>פנטן שמפו לתלתלים 660 מל</ItemName>
      <ManufacturerName>פרוקטר אנד גמבל</ManufacturerName>
      <ManufactureCountry>RO</ManufactureCountry>
      <ManufacturerItemDescription>שמפו פנטן</ManufacturerItemDescription>
      <UnitQty>מיליליטרים</UnitQty>
      <Quantity>660.00</Quantity>
      <bIsWeighted>0</bIsWeighted>
      <UnitOfMeasure>100 מ"ל</UnitOfMeasure>
      <QtyInPackage>1</QtyInPackage>
      <ItemPrice>22.90</ItemPrice>
      <UnitOfMeasurePrice>3.47</UnitOfMeasurePrice>
      <AllowDiscount>1</AllowDiscount>
      <ItemStatus>1</ItemStatus>
    </Item>
    <Item>
      <PriceUpdateDate>2018-09-07 05:36</PriceUpdateDate>
      <ItemCode>8001090832931</ItemCode>
      <ItemType>1</ItemType>
      <ItemName>מרכך פנטן מגע משי660 מ"ל</ItemName>
      <ManufacturerName>פרוקטר אנד גמבל</ManufacturerName>
      <ManufactureCountry>RO</ManufactureCountry>
      <ManufacturerItemDescription>מרכך פנטן</ManufacturerItemDescription>
      <UnitQty>מיליליטרים</UnitQty>
      <Quantity>660.00</Quantity>
      <bIsWeighted>0</bIsWeighted>
      <UnitOfMeasure>100 מ"ל</UnitOfMeasure>
      <QtyInPackage>1</QtyInPackage>
      <ItemPrice>22.90</ItemPrice>
      <UnitOfMeasurePrice>3.47</UnitOfMeasurePrice>
      <AllowDiscount>1</AllowDiscount>
      <ItemStatus>1</ItemStatus>
    </Item>
    <Item>
      <PriceUpdateDate>2017-11-07 09:20</PriceUpdateDate>
      <ItemCode>8002230000012</ItemCode>
      <ItemType>1</ItemType>
      <ItemName>אפרול 1 ליטר</ItemName>
      <ManufacturerName>דויד קמפרי</ManufacturerName>
      <ManufactureCountry>IT</ManufactureCountry>
      <ManufacturerItemDescription>אפרול</ManufacturerItemDescription>
      <UnitQty>ליטרים</UnitQty>
      <Quantity>1.00</Quantity>
      <bIsWeighted>0</bIsWeighted>
      <UnitOfMeasure>ליטר</UnitOfMeasure>
      <QtyInPackage>1</QtyInPackage>
      <ItemPrice>129.90</ItemPrice>
      <UnitOfMeasurePrice>129.90</UnitOfMeasurePrice>
      <AllowDiscount>1</AllowDiscount>
      <ItemStatus>1</ItemStatus>
    </Item>
    <Item>
      <PriceUpdateDate>2019-04-07 11:54</PriceUpdateDate>
      <ItemCode>8004030026018</ItemCode>
      <ItemType>1</ItemType>
      <ItemName>סלט מקסיקני עם טונה 160ג</ItemName>
      <ManufacturerName>בולטון</ManufacturerName>
      <ManufactureCountry>IT</ManufactureCountry>
      <ManufacturerItemDescription>סלט עם טונה</ManufacturerItemDescription>
      <UnitQty>גרמים</UnitQty>
      <Quantity>160.00</Quantity>
      <bIsWeighted>0</bIsWeighted>
      <UnitOfMeasure>100 גרם</UnitOfMeasure>
      <QtyInPackage>1</QtyInPackage>
      <ItemPrice>16.90</ItemPrice>
      <UnitOfMeasurePrice>10.56</UnitOfMeasurePrice>
      <AllowDiscount>1</AllowDiscount>
      <ItemStatus>1</ItemStatus>
    </Item>
    <Item>
      <PriceUpdateDate>2020-10-10 18:30</PriceUpdateDate>
      <ItemCode>8004030344938</ItemCode>
      <ItemType>1</ItemType>
      <ItemName>טונה בשמן זית 80*3גרם</ItemName>
      <ManufacturerName>בולטון</ManufacturerName>
      <ManufactureCountry>IT</ManufactureCountry>
      <ManufacturerItemDescription>טונה ריו מרה 3יח</ManufacturerItemDescription>
      <UnitQty>גרמים</UnitQty>
      <Quantity>240.00</Quantity>
      <bIsWeighted>0</bIsWeighted>
      <UnitOfMeasure>100 גרם</UnitOfMeasure>
      <QtyInPackage>0</QtyInPackage>
      <ItemPrice>25.90</ItemPrice>
      <UnitOfMeasurePrice>10.79</UnitOfMeasurePrice>
      <AllowDiscount>1</AllowDiscount>
      <ItemStatus>1</ItemStatus>
    </Item>
    <Item>
      <PriceUpdateDate>2015-09-30 08:08</PriceUpdateDate>
      <ItemCode>80042563</ItemCode>
      <ItemType>1</ItemType>
      <ItemName>רסק עגבניות</ItemName>
      <ManufacturerName />
      <ManufactureCountry>IT</ManufactureCountry>
      <ManufacturerItemDescription>רסק עגבניות</ManufacturerItemDescription>
      <UnitQty>גרמים</UnitQty>
      <Quantity>700.00</Quantity>
      <bIsWeighted>0</bIsWeighted>
      <UnitOfMeasure>100 גרם</UnitOfMeasure>
      <QtyInPackage>0</QtyInPackage>
      <ItemPrice>12.80</ItemPrice>
      <UnitOfMeasurePrice>1.83</UnitOfMeasurePrice>
      <AllowDiscount>1</AllowDiscount>
      <ItemStatus>1</ItemStatus>
    </Item>
    <Item>
      <PriceUpdateDate>2014-07-21 07:21</PriceUpdateDate>
      <ItemCode>80050025</ItemCode>
      <ItemType>1</ItemType>
      <ItemName>סוכריות טיק-טק תפוז16גרם</ItemName>
      <ManufacturerName>פררו</ManufacturerName>
      <ManufactureCountry>ZA</ManufactureCountry>
      <ManufacturerItemDescription>טיק טק תפוז</ManufacturerItemDescription>
      <UnitQty>גרמים</UnitQty>
      <Quantity>16.00</Quantity>
      <bIsWeighted>0</bIsWeighted>
      <UnitOfMeasure>100 גרם</UnitOfMeasure>
      <QtyInPackage>0</QtyInPackage>
      <ItemPrice>3.50</ItemPrice>
      <UnitOfMeasurePrice>21.88</UnitOfMeasurePrice>
      <AllowDiscount>1</AllowDiscount>
      <ItemStatus>1</ItemStatus>
    </Item>
    <Item>
      <PriceUpdateDate>2014-07-21 07:21</PriceUpdateDate>
      <ItemCode>80050124</ItemCode>
      <ItemType>1</ItemType>
      <ItemName>טיק טק סוכריות מנטה16גרם</ItemName>
      <ManufacturerName>פררו</ManufacturerName>
      <ManufactureCountry>ZA</ManufactureCountry>
      <ManufacturerItemDescription>סוכריות טיק טק</ManufacturerItemDescription>
      <UnitQty>גרמים</UnitQty>
      <Quantity>16.00</Quantity>
      <bIsWeighted>0</bIsWeighted>
      <UnitOfMeasure>100 גרם</UnitOfMeasure>
      <QtyInPackage>0</QtyInPackage>
      <ItemPrice>3.50</ItemPrice>
      <UnitOfMeasurePrice>21.88</UnitOfMeasurePrice>
      <AllowDiscount>1</AllowDiscount>
      <ItemStatus>1</ItemStatus>
    </Item>
    <Item>
      <PriceUpdateDate>2017-10-03 11:47</PriceUpdateDate>
      <ItemCode>8005200496525</ItemCode>
      <ItemType>1</ItemType>
      <ItemName>נסטי בטעם אפרסק 1.5 ליטר</ItemName>
      <ManufacturerName>סן-פלגרינו</ManufacturerName>
      <ManufactureCountry>IT</ManufactureCountry>
      <ManufacturerItemDescription>נסטי בטעם אפרסק</ManufacturerItemDescription>
      <UnitQty>ליטרים</UnitQty>
      <Quantity>1.50</Quantity>
      <bIsWeighted>0</bIsWeighted>
      <UnitOfMeasure>ליטר</UnitOfMeasure>
      <QtyInPackage>0</QtyInPackage>
      <ItemPrice>6.90</ItemPrice>
      <UnitOfMeasurePrice>4.60</UnitOfMeasurePrice>
      <AllowDiscount>1</AllowDiscount>
      <ItemStatus>1</ItemStatus>
    </Item>
    <Item>
      <PriceUpdateDate>2017-10-03 11:47</PriceUpdateDate>
      <ItemCode>8005200516520</ItemCode>
      <ItemType>1</ItemType>
      <ItemName>נסטי דיאט טעם אפרסק 1.5ל</ItemName>
      <ManufacturerName>סן-פלגרינו</ManufacturerName>
      <ManufactureCountry>IT</ManufactureCountry>
      <ManufacturerItemDescription>נסטי דיאט אפרסק</ManufacturerItemDescription>
      <UnitQty>ליטרים</UnitQty>
      <Quantity>1.50</Quantity>
      <bIsWeighted>0</bIsWeighted>
      <UnitOfMeasure>ליטר</UnitOfMeasure>
      <QtyInPackage>0</QtyInPackage>
      <ItemPrice>6.90</ItemPrice>
      <UnitOfMeasurePrice>4.60</UnitOfMeasurePrice>
      <AllowDiscount>1</AllowDiscount>
      <ItemStatus>1</ItemStatus>
    </Item>
    <Item>
      <PriceUpdateDate>2017-10-03 11:47</PriceUpdateDate>
      <ItemCode>8005200536528</ItemCode>
      <ItemType>1</ItemType>
      <ItemName>נסטי מנגו אננס 1.5 ליטר</ItemName>
      <ManufacturerName>סן-פלגרינו</ManufacturerName>
      <ManufactureCountry>IT</ManufactureCountry>
      <ManufacturerItemDescription>נסטי מנגו אננס</ManufacturerItemDescription>
      <UnitQty>ליטרים</UnitQty>
      <Quantity>1.50</Quantity>
      <bIsWeighted>0</bIsWeighted>
      <UnitOfMeasure>ליטר</UnitOfMeasure>
      <QtyInPackage>0</QtyInPackage>
      <ItemPrice>6.90</ItemPrice>
      <UnitOfMeasurePrice>4.60</UnitOfMeasurePrice>
      <AllowDiscount>1</AllowDiscount>
      <ItemStatus>1</ItemStatus>
    </Item>
    <Item>
      <PriceUpdateDate>2020-08-04 16:29</PriceUpdateDate>
      <ItemCode>80052760</ItemCode>
      <ItemType>1</ItemType>
      <ItemName>קינדר בואנו 2 * 21.5 גרם</ItemName>
      <ManufacturerName>פררו</ManufacturerName>
      <ManufactureCountry>PL</ManufactureCountry>
      <ManufacturerItemDescription>קינדר בואנו זוג</ManufacturerItemDescription>
      <UnitQty>גרמים</UnitQty>
      <Quantity>43.00</Quantity>
      <bIsWeighted>0</bIsWeighted>
      <UnitOfMeasure>100 גרם</UnitOfMeasure>
      <QtyInPackage>0</QtyInPackage>
      <ItemPrice>4.90</ItemPrice>
      <UnitOfMeasurePrice>11.40</UnitOfMeasurePrice>
      <AllowDiscount>1</AllowDiscount>
      <ItemStatus>1</ItemStatus>
    </Item>
    <Item>
      <PriceUpdateDate>2016-06-28 07:27</PriceUpdateDate>
      <ItemCode>8010445003308</ItemCode>
      <ItemType>1</ItemType>
      <ItemName>שמן זית כתית מעולה 750 מ</ItemName>
      <ManufacturerName>CLEMENTE OLEARIA</ManufacturerName>
      <ManufactureCountry>IT</ManufactureCountry>
      <ManufacturerItemDescription>שמן זית</ManufacturerItemDescription>
      <UnitQty>גרמים</UnitQty>
      <Quantity>750.00</Quantity>
      <bIsWeighted>0</bIsWeighted>
      <UnitOfMeasure>100 גרם</UnitOfMeasure>
      <QtyInPackage>0</QtyInPackage>
      <ItemPrice>38.60</ItemPrice>
      <UnitOfMeasurePrice>5.15</UnitOfMeasurePrice>
      <AllowDiscount>1</AllowDiscount>
      <ItemStatus>1</ItemStatus>
    </Item>
    <Item>
      <PriceUpdateDate>2019-12-10 07:34</PriceUpdateDate>
      <ItemCode>80136194</ItemCode>
      <ItemType>1</ItemType>
      <ItemName>הפי היפו אגוזי לוז 23*5ג</ItemName>
      <ManufacturerName>פררו</ManufacturerName>
      <ManufactureCountry>DE</ManufactureCountry>
      <ManufacturerItemDescription>חטיף הפי היפו5יח</ManufacturerItemDescription>
      <UnitQty>גרמים</UnitQty>
      <Quantity>115.00</Quantity>
      <bIsWeighted>0</bIsWeighted>
      <UnitOfMeasure>100 גרם</UnitOfMeasure>
      <QtyInPackage>1</QtyInPackage>
      <ItemPrice>13.90</ItemPrice>
      <UnitOfMeasurePrice>12.09</UnitOfMeasurePrice>
      <AllowDiscount>1</AllowDiscount>
      <ItemStatus>1</ItemStatus>
    </Item>
    <Item>
      <PriceUpdateDate>2015-09-30 08:08</PriceUpdateDate>
      <ItemCode>8014515330196</ItemCode>
      <ItemType>1</ItemType>
      <ItemName>עגבניות מרוסקות 400 גרם</ItemName>
      <ManufacturerName>שופרסל-ייבוא</ManufacturerName>
      <ManufactureCountry>IT</ManufactureCountry>
      <ManufacturerItemDescription>עגבניות מרוסקות</ManufacturerItemDescription>
      <UnitQty>גרמים</UnitQty>
      <Quantity>400.00</Quantity>
      <bIsWeighted>0</bIsWeighted>
      <UnitOfMeasure>100 גרם</UnitOfMeasure>
      <QtyInPackage>1</QtyInPackage>
      <ItemPrice>6.70</ItemPrice>
      <UnitOfMeasurePrice>1.68</UnitOfMeasurePrice>
      <AllowDiscount>1</AllowDiscount>
      <ItemStatus>1</ItemStatus>
    </Item>
    <Item>
      <PriceUpdateDate>2019-12-10 07:34</PriceUpdateDate>
      <ItemCode>80176800</ItemCode>
      <ItemType>1</ItemType>
      <ItemName>נוטלה ממרח שוקולד 750 גר</ItemName>
      <ManufacturerName>פררו</ManufacturerName>
      <ManufactureCountry>IT</ManufactureCountry>
      <ManufacturerItemDescription>ממרח נוטלה</ManufacturerItemDescription>
      <UnitQty>גרמים</UnitQty>
      <Quantity>750.00</Quantity>
      <bIsWeighted>0</bIsWeighted>
      <UnitOfMeasure>100 גרם</UnitOfMeasure>
      <QtyInPackage>0</QtyInPackage>
      <ItemPrice>26.90</ItemPrice>
      <UnitOfMeasurePrice>3.59</UnitOfMeasurePrice>
      <AllowDiscount>1</AllowDiscount>
      <ItemStatus>1</ItemStatus>
    </Item>
    <Item>
      <PriceUpdateDate>2019-12-10 07:34</PriceUpdateDate>
      <ItemCode>80177173</ItemCode>
      <ItemType>1</ItemType>
      <ItemName>ממרח נוטלה 350 גרם</ItemName>
      <ManufacturerName>פררו</ManufacturerName>
      <ManufactureCountry>IT</ManufactureCountry>
      <ManufacturerItemDescription>ממרח נוטלה</ManufacturerItemDescription>
      <UnitQty>גרמים</UnitQty>
      <Quantity>350.00</Quantity>
      <bIsWeighted>0</bIsWeighted>
      <UnitOfMeasure>100 גרם</UnitOfMeasure>
      <QtyInPackage>0</QtyInPackage>
      <ItemPrice>15.90</ItemPrice>
      <UnitOfMeasurePrice>4.54</UnitOfMeasurePrice>
      <AllowDiscount>1</AllowDiscount>
      <ItemStatus>1</ItemStatus>
    </Item>
    <Item>
      <PriceUpdateDate>2019-12-10 07:34</PriceUpdateDate>
      <ItemCode>80177609</ItemCode>
      <ItemType>1</ItemType>
      <ItemName>אצבעות שוקולד קינדר50גרם</ItemName>
      <ManufacturerName>פררו</ManufacturerName>
      <ManufactureCountry>IT</ManufactureCountry>
      <ManufacturerItemDescription>אצבעות קינדר</ManufacturerItemDescription>
      <UnitQty>גרמים</UnitQty>
      <Quantity>50.00</Quantity>
      <bIsWeighted>0</bIsWeighted>
      <UnitOfMeasure>100 גרם</UnitOfMeasure>
      <QtyInPackage>0</QtyInPackage>
      <ItemPrice>5.00</ItemPrice>
      <UnitOfMeasurePrice>10.00</UnitOfMeasurePrice>
      <AllowDiscount>1</AllowDiscount>
      <ItemStatus>1</ItemStatus>
    </Item>
    <Item>
      <PriceUpdateDate>2019-12-10 07:34</PriceUpdateDate>
      <ItemCode>80177616</ItemCode>
      <ItemType>1</ItemType>
      <ItemName>אצבעות שוקולד קינדר100גר</ItemName>
      <ManufacturerName>פררו</ManufacturerName>
      <ManufactureCountry>IT</ManufactureCountry>
      <ManufacturerItemDescription>שוקולד קינדר</ManufacturerItemDescription>
      <UnitQty>גרמים</UnitQty>
      <Quantity>100.00</Quantity>
      <bIsWeighted>0</bIsWeighted>
      <UnitOfMeasure>100 גרם</UnitOfMeasure>
      <QtyInPackage>0</QtyInPackage>
      <ItemPrice>9.20</ItemPrice>
      <UnitOfMeasurePrice>9.20</UnitOfMeasurePrice>
      <AllowDiscount>1</AllowDiscount>
      <ItemStatus>1</ItemStatus>
    </Item>
    <Item>
      <PriceUpdateDate>2019-12-10 07:34</PriceUpdateDate>
      <ItemCode>80310167</ItemCode>
      <ItemType>1</ItemType>
      <ItemName>קינדר מקסי שישיה126( גר)</ItemName>
      <ManufacturerName>פררו</ManufacturerName>
      <ManufactureCountry>DE</ManufactureCountry>
      <ManufacturerItemDescription>קינדר מקסי</ManufacturerItemDescription>
      <UnitQty>גרמים</UnitQty>
      <Quantity>126.00</Quantity>
      <bIsWeighted>0</bIsWeighted>
      <UnitOfMeasure>100 גרם</UnitOfMeasure>
      <QtyInPackage>0</QtyInPackage>
      <ItemPrice>11.20</ItemPrice>
      <UnitOfMeasurePrice>8.89</UnitOfMeasurePrice>
      <AllowDiscount>1</AllowDiscount>
      <ItemStatus>1</ItemStatus>
    </Item>
    <Item>
      <PriceUpdateDate>2015-09-30 08:05</PriceUpdateDate>
      <ItemCode>8032880800243</ItemCode>
      <ItemType>1</ItemType>
      <ItemName>פיקניק הפתעה 50 גרם</ItemName>
      <ManufacturerName>הוסטה</ManufacturerName>
      <ManufactureCountry>IT</ManufactureCountry>
      <ManufacturerItemDescription>פיקניק הפתעה</ManufacturerItemDescription>
      <UnitQty>גרמים</UnitQty>
      <Quantity>50.00</Quantity>
      <bIsWeighted>0</bIsWeighted>
      <UnitOfMeasure>100 גרם</UnitOfMeasure>
      <QtyInPackage>0</QtyInPackage>
      <ItemPrice>8.30</ItemPrice>
      <UnitOfMeasurePrice>16.60</UnitOfMeasurePrice>
      <AllowDiscount>1</AllowDiscount>
      <ItemStatus>1</ItemStatus>
    </Item>
    <Item>
      <PriceUpdateDate>2020-08-04 16:29</PriceUpdateDate>
      <ItemCode>80761761</ItemCode>
      <ItemType>1</ItemType>
      <ItemName>קינדר בואנו לבן 19.5*2גר</ItemName>
      <ManufacturerName>פררו</ManufacturerName>
      <ManufactureCountry>PL</ManufactureCountry>
      <ManufacturerItemDescription>קינדר בואנו לבן</ManufacturerItemDescription>
      <UnitQty>גרמים</UnitQty>
      <Quantity>39.00</Quantity>
      <bIsWeighted>0</bIsWeighted>
      <UnitOfMeasure>100 גרם</UnitOfMeasure>
      <QtyInPackage>0</QtyInPackage>
      <ItemPrice>4.90</ItemPrice>
      <UnitOfMeasurePrice>12.56</UnitOfMeasurePrice>
      <AllowDiscount>1</AllowDiscount>
      <ItemStatus>1</ItemStatus>
    </Item>
    <Item>
      <PriceUpdateDate>2018-01-30 11:39</PriceUpdateDate>
      <ItemCode>8076802085738</ItemCode>
      <ItemType>1</ItemType>
      <ItemName>פנה ריגטה מס73' 500 גרם</ItemName>
      <ManufacturerName>ברילה</ManufacturerName>
      <ManufactureCountry>IT</ManufactureCountry>
      <ManufacturerItemDescription>פנה ריגטה ברילה</ManufacturerItemDescription>
      <UnitQty>גרמים</UnitQty>
      <Quantity>500.00</Quantity>
      <bIsWeighted>0</bIsWeighted>
      <UnitOfMeasure>100 גרם</UnitOfMeasure>
      <QtyInPackage>0</QtyInPackage>
      <ItemPrice>7.90</ItemPrice>
      <UnitOfMeasurePrice>1.58</UnitOfMeasurePrice>
      <AllowDiscount>1</AllowDiscount>
      <ItemStatus>1</ItemStatus>
    </Item>
    <Item>
      <PriceUpdateDate>2018-01-30 11:39</PriceUpdateDate>
      <ItemCode>8076802085981</ItemCode>
      <ItemType>1</ItemType>
      <ItemName>פסטה פוזילי מס98' 500גרם</ItemName>
      <ManufacturerName>ברילה</ManufacturerName>
      <ManufactureCountry>IT</ManufactureCountry>
      <ManufacturerItemDescription>פוזילי ברילה</ManufacturerItemDescription>
      <UnitQty>גרמים</UnitQty>
      <Quantity>500.00</Quantity>
      <bIsWeighted>0</bIsWeighted>
      <UnitOfMeasure>100 גרם</UnitOfMeasure>
      <QtyInPackage>0</QtyInPackage>
      <ItemPrice>7.90</ItemPrice>
      <UnitOfMeasurePrice>1.58</UnitOfMeasurePrice>
      <AllowDiscount>1</AllowDiscount>
      <ItemStatus>1</ItemStatus>
    </Item>
    <Item>
      <PriceUpdateDate>2018-01-30 11:39</PriceUpdateDate>
      <ItemCode>8076808150072</ItemCode>
      <ItemType>1</ItemType>
      <ItemName>ספגטי מס' 7 500 גרם</ItemName>
      <ManufacturerName>ברילה</ManufacturerName>
      <ManufactureCountry>IT</ManufactureCountry>
      <ManufacturerItemDescription>ספגטי ברילה</ManufacturerItemDescription>
      <UnitQty>גרמים</UnitQty>
      <Quantity>500.00</Quantity>
      <bIsWeighted>0</bIsWeighted>
      <UnitOfMeasure>100 גרם</UnitOfMeasure>
      <QtyInPackage>0</QtyInPackage>
      <ItemPrice>7.90</ItemPrice>
      <UnitOfMeasurePrice>1.58</UnitOfMeasurePrice>
      <AllowDiscount>1</AllowDiscount>
      <ItemStatus>1</ItemStatus>
    </Item>
    <Item>
      <PriceUpdateDate>2020-10-10 18:30</PriceUpdateDate>
      <ItemCode>8076809523738</ItemCode>
      <ItemType>1</ItemType>
      <ItemName>לזניה ברילה 500 גרם</ItemName>
      <ManufacturerName>ברילה</ManufacturerName>
      <ManufactureCountry>IT</ManufactureCountry>
      <ManufacturerItemDescription>לזניה ברילה</ManufacturerItemDescription>
      <UnitQty>גרמים</UnitQty>
      <Quantity>500.00</Quantity>
      <bIsWeighted>0</bIsWeighted>
      <UnitOfMeasure>100 גרם</UnitOfMeasure>
      <QtyInPackage>0</QtyInPackage>
      <ItemPrice>21.90</ItemPrice>
      <UnitOfMeasurePrice>4.38</UnitOfMeasurePrice>
      <AllowDiscount>1</AllowDiscount>
      <ItemStatus>1</ItemStatus>
    </Item>
    <Item>
      <PriceUpdateDate>2015-09-30 08:05</PriceUpdateDate>
      <ItemCode>80768258</ItemCode>
      <ItemType>1</ItemType>
      <ItemName>ביצת קינדר ג'וי ורוד20גר</ItemName>
      <ManufacturerName>פררו</ManufacturerName>
      <ManufactureCountry>ZA</ManufactureCountry>
      <ManufacturerItemDescription>קינדר ג'וי ורוד</ManufacturerItemDescription>
      <UnitQty>גרמים</UnitQty>
      <Quantity>20.00</Quantity>
      <bIsWeighted>0</bIsWeighted>
      <UnitOfMeasure>100 גרם</UnitOfMeasure>
      <QtyInPackage>0</QtyInPackage>
      <ItemPrice>6.40</ItemPrice>
      <UnitOfMeasurePrice>32.00</UnitOfMeasurePrice>
      <AllowDiscount>1</AllowDiscount>
      <ItemStatus>1</ItemStatus>
    </Item>
    <Item>
      <PriceUpdateDate>2017-06-27 10:10</PriceUpdateDate>
      <ItemCode>80773443</ItemCode>
      <ItemType>1</ItemType>
      <ItemName>מסטיק  מנטה עדינה בקבוק</ItemName>
      <ManufacturerName>פרפטי ואן מלה ג'ידה,סאן</ManufacturerName>
      <ManufactureCountry>TR</ManufactureCountry>
      <ManufacturerItemDescription>מסטיק מנטוס</ManufacturerItemDescription>
      <UnitQty>גרמים</UnitQty>
      <Quantity>60.00</Quantity>
      <bIsWeighted>0</bIsWeighted>
      <UnitOfMeasure>100 גרם</UnitOfMeasure>
      <QtyInPackage>1</QtyInPackage>
      <ItemPrice>10.90</ItemPrice>
      <UnitOfMeasurePrice>18.17</UnitOfMeasurePrice>
      <AllowDiscount>1</AllowDiscount>
      <ItemStatus>1</ItemStatus>
    </Item>
    <Item>
      <PriceUpdateDate>2017-06-27 10:10</PriceUpdateDate>
      <ItemCode>80790990</ItemCode>
      <ItemType>1</ItemType>
      <ItemName>מסטיק פירות מנטה בקבוק</ItemName>
      <ManufacturerName>פרפטי ואן מלה ג'ידה,סאן</ManufacturerName>
      <ManufactureCountry>TR</ManufactureCountry>
      <ManufacturerItemDescription>מסטיק מנטוס</ManufacturerItemDescription>
      <UnitQty>גרמים</UnitQty>
      <Quantity>60.00</Quantity>
      <bIsWeighted>0</bIsWeighted>
      <UnitOfMeasure>100 גרם</UnitOfMeasure>
      <QtyInPackage>1</QtyInPackage>
      <ItemPrice>10.90</ItemPrice>
      <UnitOfMeasurePrice>18.17</UnitOfMeasurePrice>
      <AllowDiscount>1</AllowDiscount>
      <ItemStatus>1</ItemStatus>
    </Item>
    <Item>
      <PriceUpdateDate>2019-07-24 08:21</PriceUpdateDate>
      <ItemCode>80850885</ItemCode>
      <ItemType>1</ItemType>
      <ItemName>מנטוס וויט מנטה עדינה60ג</ItemName>
      <ManufacturerName>פרפטי ואן מלה</ManufacturerName>
      <ManufactureCountry>TR</ManufactureCountry>
      <ManufacturerItemDescription>מנטוס וויט</ManufacturerItemDescription>
      <UnitQty>גרמים</UnitQty>
      <Quantity>60.00</Quantity>
      <bIsWeighted>0</bIsWeighted>
      <UnitOfMeasure>100 גרם</UnitOfMeasure>
      <QtyInPackage>0</QtyInPackage>
      <ItemPrice>10.90</ItemPrice>
      <UnitOfMeasurePrice>18.17</UnitOfMeasurePrice>
      <AllowDiscount>1</AllowDiscount>
      <ItemStatus>1</ItemStatus>
    </Item>
    <Item>
      <PriceUpdateDate>2017-06-27 10:10</PriceUpdateDate>
      <ItemCode>80913467</ItemCode>
      <ItemType>1</ItemType>
      <ItemName>מסטיק מנטוס מנטה בקבוק60</ItemName>
      <ManufacturerName>פרפטי ואן מלה</ManufacturerName>
      <ManufactureCountry>TR</ManufactureCountry>
      <ManufacturerItemDescription>מסטיק מנטוס</ManufacturerItemDescription>
      <UnitQty>גרמים</UnitQty>
      <Quantity>60.00</Quantity>
      <bIsWeighted>0</bIsWeighted>
      <UnitOfMeasure>100 גרם</UnitOfMeasure>
      <QtyInPackage>1</QtyInPackage>
      <ItemPrice>10.90</ItemPrice>
      <UnitOfMeasurePrice>18.17</UnitOfMeasurePrice>
      <AllowDiscount>1</AllowDiscount>
      <ItemStatus>1</ItemStatus>
    </Item>
    <Item>
      <PriceUpdateDate>2014-07-21 07:21</PriceUpdateDate>
      <ItemCode>80936848</ItemCode>
      <ItemType>1</ItemType>
      <ItemName>סוכריות טיק טק תות שדה16</ItemName>
      <ManufacturerName>פררו</ManufacturerName>
      <ManufactureCountry>ZA</ManufactureCountry>
      <ManufacturerItemDescription>טיק טק תות שדה</ManufacturerItemDescription>
      <UnitQty>גרמים</UnitQty>
      <Quantity>16.00</Quantity>
      <bIsWeighted>0</bIsWeighted>
      <UnitOfMeasure>100 גרם</UnitOfMeasure>
      <QtyInPackage>0</QtyInPackage>
      <ItemPrice>3.50</ItemPrice>
      <UnitOfMeasurePrice>21.88</UnitOfMeasurePrice>
      <AllowDiscount>1</AllowDiscount>
      <ItemStatus>1</ItemStatus>
    </Item>
    <Item>
      <PriceUpdateDate>2018-08-31 05:35</PriceUpdateDate>
      <ItemCode>80948698</ItemCode>
      <ItemType>1</ItemType>
      <ItemName>מנטוס מסטיק פ.טרופי60גרם</ItemName>
      <ManufacturerName>פרפטי ואן מלה ג'ידה,סאן</ManufacturerName>
      <ManufactureCountry>TR</ManufactureCountry>
      <ManufacturerItemDescription>מנטוס מסטיק</ManufacturerItemDescription>
      <UnitQty>גרמים</UnitQty>
      <Quantity>60.00</Quantity>
      <bIsWeighted>0</bIsWeighted>
      <UnitOfMeasure>100 גרם</UnitOfMeasure>
      <QtyInPackage>1</QtyInPackage>
      <ItemPrice>10.90</ItemPrice>
      <UnitOfMeasurePrice>18.17</UnitOfMeasurePrice>
      <AllowDiscount>1</AllowDiscount>
      <ItemStatus>1</ItemStatus>
    </Item>
    <Item>
      <PriceUpdateDate>2015-09-30 08:05</PriceUpdateDate>
      <ItemCode>80974482</ItemCode>
      <ItemType>1</ItemType>
      <ItemName>ביצת קינדר ג'וי כחול20גר</ItemName>
      <ManufacturerName>פררו</ManufacturerName>
      <ManufactureCountry>ZA</ManufactureCountry>
      <ManufacturerItemDescription>ביצת הפתעה קינדר</ManufacturerItemDescription>
      <UnitQty>גרמים</UnitQty>
      <Quantity>20.00</Quantity>
      <bIsWeighted>0</bIsWeighted>
      <UnitOfMeasure>100 גרם</UnitOfMeasure>
      <QtyInPackage>0</QtyInPackage>
      <ItemPrice>6.40</ItemPrice>
      <UnitOfMeasurePrice>32.00</UnitOfMeasurePrice>
      <AllowDiscount>1</AllowDiscount>
      <ItemStatus>1</ItemStatus>
    </Item>
    <Item>
      <PriceUpdateDate>2015-09-30 08:13</PriceUpdateDate>
      <ItemCode>8410104045111</ItemCode>
      <ItemType>1</ItemType>
      <ItemName>פיניש מלח למדיח 2 ק"ג</ItemName>
      <ManufacturerName>רקיט בנקיזר</ManufacturerName>
      <ManufactureCountry>IL</ManufactureCountry>
      <ManufacturerItemDescription>מלח למדיח</ManufacturerItemDescription>
      <UnitQty>קילוגרמים</UnitQty>
      <Quantity>2.00</Quantity>
      <bIsWeighted>0</bIsWeighted>
      <UnitOfMeasure>ק"ג</UnitOfMeasure>
      <QtyInPackage>0</QtyInPackage>
      <ItemPrice>16.80</ItemPrice>
      <UnitOfMeasurePrice>8.40</UnitOfMeasurePrice>
      <AllowDiscount>1</AllowDiscount>
      <ItemStatus>1</ItemStatus>
    </Item>
    <Item>
      <PriceUpdateDate>2016-03-04 07:26</PriceUpdateDate>
      <ItemCode>8410376044393</ItemCode>
      <ItemType>1</ItemType>
      <ItemName>עוגיות סנדוויץ ללת"ס210ג</ItemName>
      <ManufacturerName>גולון</ManufacturerName>
      <ManufactureCountry>ES</ManufactureCountry>
      <ManufacturerItemDescription>עוגיות סנדוויץ</ManufacturerItemDescription>
      <UnitQty>גרמים</UnitQty>
      <Quantity>210.00</Quantity>
      <bIsWeighted>0</bIsWeighted>
      <UnitOfMeasure>100 גרם</UnitOfMeasure>
      <QtyInPackage>1</QtyInPackage>
      <ItemPrice>18.90</ItemPrice>
      <UnitOfMeasurePrice>9.00</UnitOfMeasurePrice>
      <AllowDiscount>1</AllowDiscount>
      <ItemStatus>1</ItemStatus>
    </Item>
    <Item>
      <PriceUpdateDate>2017-11-21 11:02</PriceUpdateDate>
      <ItemCode>8410644611203</ItemCode>
      <ItemType>1</ItemType>
      <ItemName>קאווה אימבריקה</ItemName>
      <ManufacturerName />
      <ManufactureCountry>ES</ManufactureCountry>
      <ManufacturerItemDescription>קאווה אימבריקה</ManufacturerItemDescription>
      <UnitQty>מיליליטרים</UnitQty>
      <Quantity>750.00</Quantity>
      <bIsWeighted>0</bIsWeighted>
      <UnitOfMeasure>100 מ"ל</UnitOfMeasure>
      <QtyInPackage>0</QtyInPackage>
      <ItemPrice>34.60</ItemPrice>
      <UnitOfMeasurePrice>4.61</UnitOfMeasurePrice>
      <AllowDiscount>1</AllowDiscount>
      <ItemStatus>1</ItemStatus>
    </Item>
    <Item>
      <PriceUpdateDate>2019-09-27 05:42</PriceUpdateDate>
      <ItemCode>8422443005602</ItemCode>
      <ItemType>1</ItemType>
      <ItemName>קברנה טורס דה אספניה750מ</ItemName>
      <ManufacturerName>בומד</ManufacturerName>
      <ManufactureCountry>DE</ManufactureCountry>
      <ManufacturerItemDescription>קברנה אספניה</ManufacturerItemDescription>
      <UnitQty>מיליליטרים</UnitQty>
      <Quantity>750.00</Quantity>
      <bIsWeighted>0</bIsWeighted>
      <UnitOfMeasure>100 מ"ל</UnitOfMeasure>
      <QtyInPackage>1</QtyInPackage>
      <ItemPrice>44.90</ItemPrice>
      <UnitOfMeasurePrice>5.99</UnitOfMeasurePrice>
      <AllowDiscount>1</AllowDiscount>
      <ItemStatus>1</ItemStatus>
    </Item>
    <Item>
      <PriceUpdateDate>2018-05-22 12:22</PriceUpdateDate>
      <ItemCode>8423207206488</ItemCode>
      <ItemType>1</ItemType>
      <ItemName>סלים דליס מצופה שוקולד6י</ItemName>
      <ManufacturerName>סלים דליס</ManufacturerName>
      <ManufactureCountry>ES</ManufactureCountry>
      <ManufacturerItemDescription>חטיפי דגנים מרבה</ManufacturerItemDescription>
      <UnitQty>גרמים</UnitQty>
      <Quantity>120.00</Quantity>
      <bIsWeighted>0</bIsWeighted>
      <UnitOfMeasure>100 גרם</UnitOfMeasure>
      <QtyInPackage>0</QtyInPackage>
      <ItemPrice>12.90</ItemPrice>
      <UnitOfMeasurePrice>10.75</UnitOfMeasurePrice>
      <AllowDiscount>1</AllowDiscount>
      <ItemStatus>1</ItemStatus>
    </Item>
    <Item>
      <PriceUpdateDate>2018-05-22 12:22</PriceUpdateDate>
      <ItemCode>8423207208680</ItemCode>
      <ItemType>1</ItemType>
      <ItemName>סלים דליס ילדים ש.חלב6יח</ItemName>
      <ManufacturerName>סלים דליס</ManufacturerName>
      <ManufactureCountry>ES</ManufactureCountry>
      <ManufacturerItemDescription>סלים דליס 6 יח</ManufacturerItemDescription>
      <UnitQty>גרמים</UnitQty>
      <Quantity>120.00</Quantity>
      <bIsWeighted>0</bIsWeighted>
      <UnitOfMeasure>100 גרם</UnitOfMeasure>
      <QtyInPackage>1</QtyInPackage>
      <ItemPrice>12.90</ItemPrice>
      <UnitOfMeasurePrice>10.75</UnitOfMeasurePrice>
      <AllowDiscount>1</AllowDiscount>
      <ItemStatus>1</ItemStatus>
    </Item>
    <Item>
      <PriceUpdateDate>2018-05-18 10:39</PriceUpdateDate>
      <ItemCode>855074007086</ItemCode>
      <ItemType>1</ItemType>
      <ItemName>פלפלון ביס בשקית</ItemName>
      <ManufacturerName>קטיף.</ManufacturerName>
      <ManufactureCountry>IL</ManufactureCountry>
      <ManufacturerItemDescription>פלפלון ביס בשקית</ManufacturerItemDescription>
      <UnitQty>גרמים</UnitQty>
      <Quantity>200.00</Quantity>
      <bIsWeighted>0</bIsWeighted>
      <UnitOfMeasure>100 גרם</UnitOfMeasure>
      <QtyInPackage>1</QtyInPackage>
      <ItemPrice>8.50</ItemPrice>
      <UnitOfMeasurePrice>4.25</UnitOfMeasurePrice>
      <AllowDiscount>1</AllowDiscount>
      <ItemStatus>1</ItemStatus>
    </Item>
    <Item>
      <PriceUpdateDate>2020-10-10 19:00</PriceUpdateDate>
      <ItemCode>856591000062</ItemCode>
      <ItemType>1</ItemType>
      <ItemName>עוגיות מזרחיות מלח400גרם</ItemName>
      <ManufacturerName>מאפיית יוסף ושמחה עבאדי</ManufacturerName>
      <ManufactureCountry>IL</ManufactureCountry>
      <ManufacturerItemDescription>עוגיות מזרחיות</ManufacturerItemDescription>
      <UnitQty>גרמים</UnitQty>
      <Quantity>400.00</Quantity>
      <bIsWeighted>0</bIsWeighted>
      <UnitOfMeasure>100 גרם</UnitOfMeasure>
      <QtyInPackage>0</QtyInPackage>
      <ItemPrice>15.90</ItemPrice>
      <UnitOfMeasurePrice>3.98</UnitOfMeasurePrice>
      <AllowDiscount>1</AllowDiscount>
      <ItemStatus>1</ItemStatus>
    </Item>
    <Item>
      <PriceUpdateDate>2020-10-10 19:00</PriceUpdateDate>
      <ItemCode>856591000109</ItemCode>
      <ItemType>1</ItemType>
      <ItemName>עוגיות מזרחיות פריכות400</ItemName>
      <ManufacturerName>מאפיית יוסף ושמחה עבאדי</ManufacturerName>
      <ManufactureCountry>IL</ManufactureCountry>
      <ManufacturerItemDescription>עוגיות מזרחיות</ManufacturerItemDescription>
      <UnitQty>גרמים</UnitQty>
      <Quantity>400.00</Quantity>
      <bIsWeighted>0</bIsWeighted>
      <UnitOfMeasure>100 גרם</UnitOfMeasure>
      <QtyInPackage>0</QtyInPackage>
      <ItemPrice>15.90</ItemPrice>
      <UnitOfMeasurePrice>3.98</UnitOfMeasurePrice>
      <AllowDiscount>1</AllowDiscount>
      <ItemStatus>1</ItemStatus>
    </Item>
    <Item>
      <PriceUpdateDate>2018-07-10 12:35</PriceUpdateDate>
      <ItemCode>85942707</ItemCode>
      <ItemType>1</ItemType>
      <ItemName>ניר קצר לגלגול ללא פילטר</ItemName>
      <ManufacturerName>U 4 ROLL</ManufacturerName>
      <ManufactureCountry>CZ</ManufactureCountry>
      <ManufacturerItemDescription>נייר קצר לגלגול</ManufacturerItemDescription>
      <UnitQty>יחידה</UnitQty>
      <Quantity>1.00</Quantity>
      <bIsWeighted>0</bIsWeighted>
      <UnitOfMeasure>יחידה</UnitOfMeasure>
      <QtyInPackage>1</QtyInPackage>
      <ItemPrice>2.00</ItemPrice>
      <UnitOfMeasurePrice>2.00</UnitOfMeasurePrice>
      <AllowDiscount>0</AllowDiscount>
      <ItemStatus>1</ItemStatus>
    </Item>
    <Item>
      <PriceUpdateDate>2019-01-25 05:36</PriceUpdateDate>
      <ItemCode>8595134503302</ItemCode>
      <ItemType>1</ItemType>
      <ItemName>פילטרים לגילגול 120 יחיד</ItemName>
      <ManufacturerName>U 4 ROLL</ManufacturerName>
      <ManufactureCountry>CZ</ManufactureCountry>
      <ManufacturerItemDescription>פילטרים לגלגול</ManufacturerItemDescription>
      <UnitQty>יחידה</UnitQty>
      <Quantity>1.00</Quantity>
      <bIsWeighted>0</bIsWeighted>
      <UnitOfMeasure>יחידה</UnitOfMeasure>
      <QtyInPackage>1</QtyInPackage>
      <ItemPrice>3.80</ItemPrice>
      <UnitOfMeasurePrice>3.80</UnitOfMeasurePrice>
      <AllowDiscount>0</AllowDiscount>
      <ItemStatus>1</ItemStatus>
    </Item>
    <Item>
      <PriceUpdateDate>2018-07-10 12:38</PriceUpdateDate>
      <ItemCode>85951730</ItemCode>
      <ItemType>1</ItemType>
      <ItemName>פילטרים לגלגול 120 יח</ItemName>
      <ManufacturerName>U 4 ROLL</ManufacturerName>
      <ManufactureCountry>CZ</ManufactureCountry>
      <ManufacturerItemDescription>פילטרים לגלגול</ManufacturerItemDescription>
      <UnitQty>יחידה</UnitQty>
      <Quantity>1.00</Quantity>
      <bIsWeighted>0</bIsWeighted>
      <UnitOfMeasure>יחידה</UnitOfMeasure>
      <QtyInPackage>0</QtyInPackage>
      <ItemPrice>3.80</ItemPrice>
      <UnitOfMeasurePrice>3.80</UnitOfMeasurePrice>
      <AllowDiscount>0</AllowDiscount>
      <ItemStatus>1</ItemStatus>
    </Item>
    <Item>
      <PriceUpdateDate>2018-07-10 12:38</PriceUpdateDate>
      <ItemCode>85954137</ItemCode>
      <ItemType>1</ItemType>
      <ItemName>פילטרים לגילגול 100יח</ItemName>
      <ManufacturerName>U 4 ROLL</ManufacturerName>
      <ManufactureCountry>CZ</ManufactureCountry>
      <ManufacturerItemDescription>פילטרים לגלגול</ManufacturerItemDescription>
      <UnitQty>יחידה</UnitQty>
      <Quantity>1.00</Quantity>
      <bIsWeighted>0</bIsWeighted>
      <UnitOfMeasure>יחידה</UnitOfMeasure>
      <QtyInPackage>1</QtyInPackage>
      <ItemPrice>3.80</ItemPrice>
      <UnitOfMeasurePrice>3.80</UnitOfMeasurePrice>
      <AllowDiscount>0</AllowDiscount>
      <ItemStatus>1</ItemStatus>
    </Item>
    <Item>
      <PriceUpdateDate>2019-08-16 05:34</PriceUpdateDate>
      <ItemCode>85966611</ItemCode>
      <ItemType>1</ItemType>
      <ItemName>נייר ארוך+פילטר *</ItemName>
      <ManufacturerName>רול פור יו</ManufacturerName>
      <ManufactureCountry>CZ</ManufactureCountry>
      <ManufacturerItemDescription>נייר ארוך+פילטר</ManufacturerItemDescription>
      <UnitQty>יחידה</UnitQty>
      <Quantity>1.00</Quantity>
      <bIsWeighted>0</bIsWeighted>
      <UnitOfMeasure>יחידה</UnitOfMeasure>
      <QtyInPackage>1</QtyInPackage>
      <ItemPrice>7.00</ItemPrice>
      <UnitOfMeasurePrice>7.00</UnitOfMeasurePrice>
      <AllowDiscount>0</AllowDiscount>
      <ItemStatus>1</ItemStatus>
    </Item>
    <Item>
      <PriceUpdateDate>2018-06-04 10:42</PriceUpdateDate>
      <ItemCode>8690637842382</ItemCode>
      <ItemType>1</ItemType>
      <ItemName>מגנום שוקולד פרי יער יחי</ItemName>
      <ManufacturerName>שטראוס</ManufacturerName>
      <ManufactureCountry>IL</ManufactureCountry>
      <ManufacturerItemDescription>מגנום שוקולד פרי</ManufacturerItemDescription>
      <UnitQty>יחידה</UnitQty>
      <Quantity>1.00</Quantity>
      <bIsWeighted>0</bIsWeighted>
      <UnitOfMeasure>יחידה</UnitOfMeasure>
      <QtyInPackage>1</QtyInPackage>
      <ItemPrice>11.00</ItemPrice>
      <UnitOfMeasurePrice>11.00</UnitOfMeasurePrice>
      <AllowDiscount>1</AllowDiscount>
      <ItemStatus>1</ItemStatus>
    </Item>
    <Item>
      <PriceUpdateDate>2019-04-09 01:06</PriceUpdateDate>
      <ItemCode>8690637879395</ItemCode>
      <ItemType>1</ItemType>
      <ItemName>מגנום דאבל פיסטוק 72 גרם</ItemName>
      <ManufacturerName>שטראוס</ManufacturerName>
      <ManufactureCountry>TR</ManufactureCountry>
      <ManufacturerItemDescription>מגנום דאבל פיסטו</ManufacturerItemDescription>
      <UnitQty>יחידה</UnitQty>
      <Quantity>1.00</Quantity>
      <bIsWeighted>0</bIsWeighted>
      <UnitOfMeasure>יחידה</UnitOfMeasure>
      <QtyInPackage>1</QtyInPackage>
      <ItemPrice>11.00</ItemPrice>
      <UnitOfMeasurePrice>11.00</UnitOfMeasurePrice>
      <AllowDiscount>1</AllowDiscount>
      <ItemStatus>1</ItemStatus>
    </Item>
    <Item>
      <PriceUpdateDate>2016-05-17 07:21</PriceUpdateDate>
      <ItemCode>8697530910743</ItemCode>
      <ItemType>1</ItemType>
      <ItemName>פאלמאל כחול קצר חפ</ItemName>
      <ManufacturerName>bat</ManufacturerName>
      <ManufactureCountry>TR</ManufactureCountry>
      <ManufacturerItemDescription>פאל מאל  כחול</ManufacturerItemDescription>
      <UnitQty>יחידה</UnitQty>
      <Quantity>1.00</Quantity>
      <bIsWeighted>0</bIsWeighted>
      <UnitOfMeasure>יחידה</UnitOfMeasure>
      <QtyInPackage>0</QtyInPackage>
      <ItemPrice>28.00</ItemPrice>
      <UnitOfMeasurePrice>28.00</UnitOfMeasurePrice>
      <AllowDiscount>0</AllowDiscount>
      <ItemStatus>1</ItemStatus>
    </Item>
    <Item>
      <PriceUpdateDate>2016-05-17 07:21</PriceUpdateDate>
      <ItemCode>8697530910750</ItemCode>
      <ItemType>1</ItemType>
      <ItemName>פאלמאל כחול ארוך חפ</ItemName>
      <ManufacturerName>bat</ManufacturerName>
      <ManufactureCountry>TR</ManufactureCountry>
      <ManufacturerItemDescription>פאלמאל כחול ארוך</ManufacturerItemDescription>
      <UnitQty>יחידה</UnitQty>
      <Quantity>1.00</Quantity>
      <bIsWeighted>0</bIsWeighted>
      <UnitOfMeasure>יחידה</UnitOfMeasure>
      <QtyInPackage>0</QtyInPackage>
      <ItemPrice>28.00</ItemPrice>
      <UnitOfMeasurePrice>28.00</UnitOfMeasurePrice>
      <AllowDiscount>0</AllowDiscount>
      <ItemStatus>1</ItemStatus>
    </Item>
    <Item>
      <PriceUpdateDate>2016-05-17 07:21</PriceUpdateDate>
      <ItemCode>8697530910767</ItemCode>
      <ItemType>1</ItemType>
      <ItemName>פאלמאל מנטול חפ</ItemName>
      <ManufacturerName>bat</ManufacturerName>
      <ManufactureCountry>TR</ManufactureCountry>
      <ManufacturerItemDescription>פאל מאל חפ.</ManufacturerItemDescription>
      <UnitQty>יחידה</UnitQty>
      <Quantity>1.00</Quantity>
      <bIsWeighted>0</bIsWeighted>
      <UnitOfMeasure>יחידה</UnitOfMeasure>
      <QtyInPackage>0</QtyInPackage>
      <ItemPrice>28.00</ItemPrice>
      <UnitOfMeasurePrice>28.00</UnitOfMeasurePrice>
      <AllowDiscount>0</AllowDiscount>
      <ItemStatus>1</ItemStatus>
    </Item>
    <Item>
      <PriceUpdateDate>2016-05-17 07:21</PriceUpdateDate>
      <ItemCode>8697530910781</ItemCode>
      <ItemType>1</ItemType>
      <ItemName>פאלמאל אדום חפ</ItemName>
      <ManufacturerName>bat</ManufacturerName>
      <ManufactureCountry>TR</ManufactureCountry>
      <ManufacturerItemDescription>פאל מאל</ManufacturerItemDescription>
      <UnitQty>יחידה</UnitQty>
      <Quantity>1.00</Quantity>
      <bIsWeighted>0</bIsWeighted>
      <UnitOfMeasure>יחידה</UnitOfMeasure>
      <QtyInPackage>0</QtyInPackage>
      <ItemPrice>28.00</ItemPrice>
      <UnitOfMeasurePrice>28.00</UnitOfMeasurePrice>
      <AllowDiscount>0</AllowDiscount>
      <ItemStatus>1</ItemStatus>
    </Item>
    <Item>
      <PriceUpdateDate>2019-12-31 12:23</PriceUpdateDate>
      <ItemCode>8697530911276</ItemCode>
      <ItemType>1</ItemType>
      <ItemName>קנט קצר חפ</ItemName>
      <ManufacturerName>bat</ManufacturerName>
      <ManufactureCountry>TR</ManufactureCountry>
      <ManufacturerItemDescription>קנט קצר חפיסה</ManufacturerItemDescription>
      <UnitQty>יחידה</UnitQty>
      <Quantity>1.00</Quantity>
      <bIsWeighted>0</bIsWeighted>
      <UnitOfMeasure>יחידה</UnitOfMeasure>
      <QtyInPackage>0</QtyInPackage>
      <ItemPrice>34.90</ItemPrice>
      <UnitOfMeasurePrice>34.90</UnitOfMeasurePrice>
      <AllowDiscount>0</AllowDiscount>
      <ItemStatus>1</ItemStatus>
    </Item>
    <Item>
      <PriceUpdateDate>2018-05-22 12:22</PriceUpdateDate>
      <ItemCode>8710502064814</ItemCode>
      <ItemType>1</ItemType>
      <ItemName>עוג.שוקוציפס מרקם רך175ג</ItemName>
      <ManufacturerName>מרבה</ManufacturerName>
      <ManufactureCountry>NL</ManufactureCountry>
      <ManufacturerItemDescription>עוגיות מרבה</ManufacturerItemDescription>
      <UnitQty>גרמים</UnitQty>
      <Quantity>175.00</Quantity>
      <bIsWeighted>0</bIsWeighted>
      <UnitOfMeasure>100 גרם</UnitOfMeasure>
      <QtyInPackage>1</QtyInPackage>
      <ItemPrice>10.90</ItemPrice>
      <UnitOfMeasurePrice>6.23</UnitOfMeasurePrice>
      <AllowDiscount>1</AllowDiscount>
      <ItemStatus>1</ItemStatus>
    </Item>
    <Item>
      <PriceUpdateDate>2020-10-12 22:20</PriceUpdateDate>
      <ItemCode>8710502230011</ItemCode>
      <ItemType>1</ItemType>
      <ItemName>עוג.שוקו צ'יפס מרבה300גר</ItemName>
      <ManufacturerName>מרבה</ManufacturerName>
      <ManufactureCountry>NL</ManufactureCountry>
      <ManufacturerItemDescription>עוגיות מרבה</ManufacturerItemDescription>
      <UnitQty>גרמים</UnitQty>
      <Quantity>300.00</Quantity>
      <bIsWeighted>0</bIsWeighted>
      <UnitOfMeasure>100 גרם</UnitOfMeasure>
      <QtyInPackage>0</QtyInPackage>
      <ItemPrice>10.00</ItemPrice>
      <UnitOfMeasurePrice>3.33</UnitOfMeasurePrice>
      <AllowDiscount>1</AllowDiscount>
      <ItemStatus>1</ItemStatus>
    </Item>
    <Item>
      <PriceUpdateDate>2018-09-14 05:35</PriceUpdateDate>
      <ItemCode>8710732228918</ItemCode>
      <ItemType>1</ItemType>
      <ItemName>מצת cricket גדול יח</ItemName>
      <ManufacturerName>MATCH SWEDISH</ManufacturerName>
      <ManufactureCountry>NL</ManufactureCountry>
      <ManufacturerItemDescription>מצת cricket גדול</ManufacturerItemDescription>
      <UnitQty>יחידה</UnitQty>
      <Quantity>1.00</Quantity>
      <bIsWeighted>0</bIsWeighted>
      <UnitOfMeasure>יחידה</UnitOfMeasure>
      <QtyInPackage>1</QtyInPackage>
      <ItemPrice>4.00</ItemPrice>
      <UnitOfMeasurePrice>4.00</UnitOfMeasurePrice>
      <AllowDiscount>0</AllowDiscount>
      <ItemStatus>1</ItemStatus>
    </Item>
    <Item>
      <PriceUpdateDate>2020-03-13 05:34</PriceUpdateDate>
      <ItemCode>87108019</ItemCode>
      <ItemType>1</ItemType>
      <ItemName>סוכריות מנטוס מנטה37.5גר</ItemName>
      <ManufacturerName>פרפטי ואן מלה</ManufacturerName>
      <ManufactureCountry>NL</ManufactureCountry>
      <ManufacturerItemDescription>סוכריות מנטוס</ManufacturerItemDescription>
      <UnitQty>גרמים</UnitQty>
      <Quantity>37.00</Quantity>
      <bIsWeighted>0</bIsWeighted>
      <UnitOfMeasure>100 גרם</UnitOfMeasure>
      <QtyInPackage>1</QtyInPackage>
      <ItemPrice>4.00</ItemPrice>
      <UnitOfMeasurePrice>10.81</UnitOfMeasurePrice>
      <AllowDiscount>1</AllowDiscount>
      <ItemStatus>1</ItemStatus>
    </Item>
    <Item>
      <PriceUpdateDate>2017-02-07 07:16</PriceUpdateDate>
      <ItemCode>87108538</ItemCode>
      <ItemType>1</ItemType>
      <ItemName>מנטוס תות גליל 37.5 גר</ItemName>
      <ManufacturerName>פרפטי ואן מלה ברדה</ManufacturerName>
      <ManufactureCountry>NL</ManufactureCountry>
      <ManufacturerItemDescription>מנטוס תות</ManufacturerItemDescription>
      <UnitQty>גרמים</UnitQty>
      <Quantity>37.00</Quantity>
      <bIsWeighted>0</bIsWeighted>
      <UnitOfMeasure>100 גרם</UnitOfMeasure>
      <QtyInPackage>0</QtyInPackage>
      <ItemPrice>4.00</ItemPrice>
      <UnitOfMeasurePrice>10.81</UnitOfMeasurePrice>
      <AllowDiscount>1</AllowDiscount>
      <ItemStatus>1</ItemStatus>
    </Item>
    <Item>
      <PriceUpdateDate>2018-04-24 12:27</PriceUpdateDate>
      <ItemCode>8711000362617</ItemCode>
      <ItemType>1</ItemType>
      <ItemName>קפסולות 8 לונגופרופונדו</ItemName>
      <ManufacturerName>ג'\קובס דאו אגברטס צרפת</ManufacturerName>
      <ManufactureCountry>FR</ManufactureCountry>
      <ManufacturerItemDescription>קפסולות לור</ManufacturerItemDescription>
      <UnitQty>גרמים</UnitQty>
      <Quantity>52.00</Quantity>
      <bIsWeighted>0</bIsWeighted>
      <UnitOfMeasure>100 גרם</UnitOfMeasure>
      <QtyInPackage>1</QtyInPackage>
      <ItemPrice>19.90</ItemPrice>
      <UnitOfMeasurePrice>38.27</UnitOfMeasurePrice>
      <AllowDiscount>1</AllowDiscount>
      <ItemStatus>1</ItemStatus>
    </Item>
    <Item>
      <PriceUpdateDate>2018-04-01 16:10</PriceUpdateDate>
      <ItemCode>8711000362747</ItemCode>
      <ItemType>1</ItemType>
      <ItemName>קפסולות לור 11 ריסטרטו52</ItemName>
      <ManufacturerName>גיקובס דאו אגברטס צרפת</ManufacturerName>
      <ManufactureCountry>FR</ManufactureCountry>
      <ManufacturerItemDescription>קפסולות לור</ManufacturerItemDescription>
      <UnitQty>גרמים</UnitQty>
      <Quantity>52.00</Quantity>
      <bIsWeighted>0</bIsWeighted>
      <UnitOfMeasure>100 גרם</UnitOfMeasure>
      <QtyInPackage>1</QtyInPackage>
      <ItemPrice>19.90</ItemPrice>
      <UnitOfMeasurePrice>38.27</UnitOfMeasurePrice>
      <AllowDiscount>1</AllowDiscount>
      <ItemStatus>1</ItemStatus>
    </Item>
    <Item>
      <PriceUpdateDate>2019-07-03 08:46</PriceUpdateDate>
      <ItemCode>8712000051099</ItemCode>
      <ItemType>1</ItemType>
      <ItemName>הייניקן 0% אלכוהול330*6</ItemName>
      <ManufacturerName>מבשלת היינקן, ריטבלדנברג</ManufacturerName>
      <ManufactureCountry>NL</ManufactureCountry>
      <ManufacturerItemDescription>6 בירה הייניק0%</ManufacturerItemDescription>
      <UnitQty>ליטרים</UnitQty>
      <Quantity>1.98</Quantity>
      <bIsWeighted>0</bIsWeighted>
      <UnitOfMeasure>ליטר</UnitOfMeasure>
      <QtyInPackage>1</QtyInPackage>
      <ItemPrice>32.90</ItemPrice>
      <UnitOfMeasurePrice>16.62</UnitOfMeasurePrice>
      <AllowDiscount>1</AllowDiscount>
      <ItemStatus>1</ItemStatus>
    </Item>
    <Item>
      <PriceUpdateDate>2020-10-10 19:00</PriceUpdateDate>
      <ItemCode>8713276031143</ItemCode>
      <ItemType>1</ItemType>
      <ItemName>נאצ'וס עם מטבל סלסה200גר</ItemName>
      <ManufacturerName>---</ManufacturerName>
      <ManufactureCountry>NL</ManufactureCountry>
      <ManufacturerItemDescription>נאצ'וס עם סלסה</ManufacturerItemDescription>
      <UnitQty>גרמים</UnitQty>
      <Quantity>200.00</Quantity>
      <bIsWeighted>0</bIsWeighted>
      <UnitOfMeasure>100 גרם</UnitOfMeasure>
      <QtyInPackage>1</QtyInPackage>
      <ItemPrice>9.90</ItemPrice>
      <UnitOfMeasurePrice>4.95</UnitOfMeasurePrice>
      <AllowDiscount>1</AllowDiscount>
      <ItemStatus>1</ItemStatus>
    </Item>
    <Item>
      <PriceUpdateDate>2017-11-26 15:41</PriceUpdateDate>
      <ItemCode>8714599410530</ItemCode>
      <ItemType>1</ItemType>
      <ItemName>קפה גקובס קרוננג רפיל200</ItemName>
      <ManufacturerName>אל.אל.סי ג'\ייקובס דאו א</ManufacturerName>
      <ManufactureCountry>RU</ManufactureCountry>
      <ManufacturerItemDescription>קפה נמס ג'קובס</ManufacturerItemDescription>
      <UnitQty>גרמים</UnitQty>
      <Quantity>200.00</Quantity>
      <bIsWeighted>0</bIsWeighted>
      <UnitOfMeasure>100 גרם</UnitOfMeasure>
      <QtyInPackage>1</QtyInPackage>
      <ItemPrice>22.90</ItemPrice>
      <UnitOfMeasurePrice>11.45</UnitOfMeasurePrice>
      <AllowDiscount>1</AllowDiscount>
      <ItemStatus>1</ItemStatus>
    </Item>
    <Item>
      <PriceUpdateDate>2019-09-23 09:27</PriceUpdateDate>
      <ItemCode>8714599410592</ItemCode>
      <ItemType>1</ItemType>
      <ItemName>קפה ג'קובס קרוננג200+50ג</ItemName>
      <ManufacturerName>ג'יי.די.אי.</ManufacturerName>
      <ManufactureCountry>RU</ManufactureCountry>
      <ManufacturerItemDescription>קפה ג'קובס</ManufacturerItemDescription>
      <UnitQty>גרמים</UnitQty>
      <Quantity>250.00</Quantity>
      <bIsWeighted>0</bIsWeighted>
      <UnitOfMeasure>100 גרם</UnitOfMeasure>
      <QtyInPackage>1</QtyInPackage>
      <ItemPrice>29.90</ItemPrice>
      <UnitOfMeasurePrice>11.96</UnitOfMeasurePrice>
      <AllowDiscount>1</AllowDiscount>
      <ItemStatus>1</ItemStatus>
    </Item>
    <Item>
      <PriceUpdateDate>2020-08-04 16:29</PriceUpdateDate>
      <ItemCode>8714789177229</ItemCode>
      <ItemType>1</ItemType>
      <ItemName>4 מב.קולגייט אקסטרה קלין</ItemName>
      <ManufacturerName>קולגייט פלמוליב</ManufacturerName>
      <ManufactureCountry>CN</ManufactureCountry>
      <ManufacturerItemDescription>4 מברשות שיניים</ManufacturerItemDescription>
      <UnitQty>יחידה</UnitQty>
      <Quantity>1.00</Quantity>
      <bIsWeighted>0</bIsWeighted>
      <UnitOfMeasure>יחידה</UnitOfMeasure>
      <QtyInPackage>0</QtyInPackage>
      <ItemPrice>11.90</ItemPrice>
      <UnitOfMeasurePrice>11.90</UnitOfMeasurePrice>
      <AllowDiscount>1</AllowDiscount>
      <ItemStatus>1</ItemStatus>
    </Item>
    <Item>
      <PriceUpdateDate>2020-08-04 16:29</PriceUpdateDate>
      <ItemCode>8714789303925</ItemCode>
      <ItemType>1</ItemType>
      <ItemName>2 מברשות קולגייט סנסטיב</ItemName>
      <ManufacturerName>קולגייט- פלמוליב</ManufacturerName>
      <ManufactureCountry>CH</ManufactureCountry>
      <ManufacturerItemDescription>2 מברשות שיניים</ManufacturerItemDescription>
      <UnitQty>יחידה</UnitQty>
      <Quantity>1.00</Quantity>
      <bIsWeighted>0</bIsWeighted>
      <UnitOfMeasure>יחידה</UnitOfMeasure>
      <QtyInPackage>0</QtyInPackage>
      <ItemPrice>29.90</ItemPrice>
      <UnitOfMeasurePrice>29.90</UnitOfMeasurePrice>
      <AllowDiscount>1</AllowDiscount>
      <ItemStatus>1</ItemStatus>
    </Item>
    <Item>
      <PriceUpdateDate>2018-05-22 12:22</PriceUpdateDate>
      <ItemCode>8715700419732</ItemCode>
      <ItemType>1</ItemType>
      <ItemName>מתבל עגבניות היינץ700גרם</ItemName>
      <ManufacturerName>היינץ</ManufacturerName>
      <ManufactureCountry>NL</ManufactureCountry>
      <ManufacturerItemDescription>מתבל עגבניות</ManufacturerItemDescription>
      <UnitQty>גרמים</UnitQty>
      <Quantity>700.00</Quantity>
      <bIsWeighted>0</bIsWeighted>
      <UnitOfMeasure>100 גרם</UnitOfMeasure>
      <QtyInPackage>0</QtyInPackage>
      <ItemPrice>13.90</ItemPrice>
      <UnitOfMeasurePrice>1.99</UnitOfMeasurePrice>
      <AllowDiscount>1</AllowDiscount>
      <ItemStatus>1</ItemStatus>
    </Item>
    <Item>
      <PriceUpdateDate>2020-10-10 18:30</PriceUpdateDate>
      <ItemCode>8717163647202</ItemCode>
      <ItemType>1</ItemType>
      <ItemName>אקס ספריי גוף אנרכי 150מ</ItemName>
      <ManufacturerName>יוניליוור אנגליה</ManufacturerName>
      <ManufactureCountry>GB</ManufactureCountry>
      <ManufacturerItemDescription>אקס ספריי</ManufacturerItemDescription>
      <UnitQty>מיליליטרים</UnitQty>
      <Quantity>150.00</Quantity>
      <bIsWeighted>0</bIsWeighted>
      <UnitOfMeasure>100 מ"ל</UnitOfMeasure>
      <QtyInPackage>1</QtyInPackage>
      <ItemPrice>14.90</ItemPrice>
      <UnitOfMeasurePrice>9.93</UnitOfMeasurePrice>
      <AllowDiscount>1</AllowDiscount>
      <ItemStatus>1</ItemStatus>
    </Item>
    <Item>
      <PriceUpdateDate>2020-10-10 18:30</PriceUpdateDate>
      <ItemCode>8717163647226</ItemCode>
      <ItemType>1</ItemType>
      <ItemName>אקס ספריי גוף בלאק 150מל</ItemName>
      <ManufacturerName>יוניליוור אנגליה</ManufacturerName>
      <ManufactureCountry>GB</ManufactureCountry>
      <ManufacturerItemDescription>אקס ספריי</ManufacturerItemDescription>
      <UnitQty>מיליליטרים</UnitQty>
      <Quantity>150.00</Quantity>
      <bIsWeighted>0</bIsWeighted>
      <UnitOfMeasure>100 מ"ל</UnitOfMeasure>
      <QtyInPackage>1</QtyInPackage>
      <ItemPrice>14.90</ItemPrice>
      <UnitOfMeasurePrice>9.93</UnitOfMeasurePrice>
      <AllowDiscount>1</AllowDiscount>
      <ItemStatus>1</ItemStatus>
    </Item>
    <Item>
      <PriceUpdateDate>2020-10-10 18:30</PriceUpdateDate>
      <ItemCode>8717163647233</ItemCode>
      <ItemType>1</ItemType>
      <ItemName>אקס ספרי בלאק נייט 150מ</ItemName>
      <ManufacturerName>יוניליוור אנגליה</ManufacturerName>
      <ManufactureCountry>GB</ManufactureCountry>
      <ManufacturerItemDescription>אקס ספריי</ManufacturerItemDescription>
      <UnitQty>מיליליטרים</UnitQty>
      <Quantity>150.00</Quantity>
      <bIsWeighted>0</bIsWeighted>
      <UnitOfMeasure>100 מ"ל</UnitOfMeasure>
      <QtyInPackage>1</QtyInPackage>
      <ItemPrice>14.90</ItemPrice>
      <UnitOfMeasurePrice>9.93</UnitOfMeasurePrice>
      <AllowDiscount>1</AllowDiscount>
      <ItemStatus>1</ItemStatus>
    </Item>
    <Item>
      <PriceUpdateDate>2020-07-01 11:11</PriceUpdateDate>
      <ItemCode>8717163711668</ItemCode>
      <ItemType>1</ItemType>
      <ItemName>דאו.ספרי רקסונה טלק150מל</ItemName>
      <ManufacturerName>---</ManufacturerName>
      <ManufactureCountry>GB</ManufactureCountry>
      <ManufacturerItemDescription>דאו.ספריי רקסונה</ManufacturerItemDescription>
      <UnitQty>מיליליטרים</UnitQty>
      <Quantity>150.00</Quantity>
      <bIsWeighted>0</bIsWeighted>
      <UnitOfMeasure>100 מ"ל</UnitOfMeasure>
      <QtyInPackage>1</QtyInPackage>
      <ItemPrice>15.90</ItemPrice>
      <UnitOfMeasurePrice>10.60</UnitOfMeasurePrice>
      <AllowDiscount>1</AllowDiscount>
      <ItemStatus>1</ItemStatus>
    </Item>
    <Item>
      <PriceUpdateDate>2020-08-04 16:29</PriceUpdateDate>
      <ItemCode>8718951076372</ItemCode>
      <ItemType>1</ItemType>
      <ItemName>משחה קולגייט הרבל 100מ"ל</ItemName>
      <ManufacturerName>---</ManufacturerName>
      <ManufactureCountry>PL</ManufactureCountry>
      <ManufacturerItemDescription>משחת קולגייט</ManufacturerItemDescription>
      <UnitQty>מיליליטרים</UnitQty>
      <Quantity>100.00</Quantity>
      <bIsWeighted>0</bIsWeighted>
      <UnitOfMeasure>100 מ"ל</UnitOfMeasure>
      <QtyInPackage>1</QtyInPackage>
      <ItemPrice>11.90</ItemPrice>
      <UnitOfMeasurePrice>11.90</UnitOfMeasurePrice>
      <AllowDiscount>1</AllowDiscount>
      <ItemStatus>1</ItemStatus>
    </Item>
    <Item>
      <PriceUpdateDate>2019-12-20 05:38</PriceUpdateDate>
      <ItemCode>8719200998001</ItemCode>
      <ItemType>1</ItemType>
      <ItemName>מרגרינה בלובנד ללת"מ200ג</ItemName>
      <ManufacturerName>יוניליוור ישראל מזון בע\</ManufacturerName>
      <ManufactureCountry>IL</ManufactureCountry>
      <ManufacturerItemDescription>מרגרינה בלובנד</ManufacturerItemDescription>
      <UnitQty>גרמים</UnitQty>
      <Quantity>200.00</Quantity>
      <bIsWeighted>0</bIsWeighted>
      <UnitOfMeasure>100 גרם</UnitOfMeasure>
      <QtyInPackage>1</QtyInPackage>
      <ItemPrice>4.70</ItemPrice>
      <UnitOfMeasurePrice>2.35</UnitOfMeasurePrice>
      <AllowDiscount>1</AllowDiscount>
      <ItemStatus>1</ItemStatus>
    </Item>
    <Item>
      <PriceUpdateDate>2019-12-20 05:38</PriceUpdateDate>
      <ItemCode>8719200998018</ItemCode>
      <ItemType>1</ItemType>
      <ItemName>מרגרינה בטעם חמאה200גרם</ItemName>
      <ManufacturerName>מיוצר ע"\י יוניליוור ישר</ManufacturerName>
      <ManufactureCountry>IL</ManufactureCountry>
      <ManufacturerItemDescription>מחמאה מרגרינה</ManufacturerItemDescription>
      <UnitQty>גרמים</UnitQty>
      <Quantity>200.00</Quantity>
      <bIsWeighted>0</bIsWeighted>
      <UnitOfMeasure>100 גרם</UnitOfMeasure>
      <QtyInPackage>1</QtyInPackage>
      <ItemPrice>5.00</ItemPrice>
      <UnitOfMeasurePrice>2.50</UnitOfMeasurePrice>
      <AllowDiscount>1</AllowDiscount>
      <ItemStatus>1</ItemStatus>
    </Item>
    <Item>
      <PriceUpdateDate>2017-02-07 07:16</PriceUpdateDate>
      <ItemCode>87311396</ItemCode>
      <ItemType>1</ItemType>
      <ItemName>מנטוס ריינבאו גליל 37.50</ItemName>
      <ManufacturerName>פרפטי ואן מלה</ManufacturerName>
      <ManufactureCountry>NL</ManufactureCountry>
      <ManufacturerItemDescription>מנטוס ריינבאו</ManufacturerItemDescription>
      <UnitQty>גרמים</UnitQty>
      <Quantity>37.00</Quantity>
      <bIsWeighted>0</bIsWeighted>
      <UnitOfMeasure>100 גרם</UnitOfMeasure>
      <QtyInPackage>0</QtyInPackage>
      <ItemPrice>4.00</ItemPrice>
      <UnitOfMeasurePrice>10.81</UnitOfMeasurePrice>
      <AllowDiscount>1</AllowDiscount>
      <ItemStatus>1</ItemStatus>
    </Item>
    <Item>
      <PriceUpdateDate>2015-09-30 08:05</PriceUpdateDate>
      <ItemCode>8801055706440</ItemCode>
      <ItemType>1</ItemType>
      <ItemName>טסטרס צ'ויס טו גו 36 גרם</ItemName>
      <ManufacturerName>לוטה נסטלה קוריאה</ManufacturerName>
      <ManufactureCountry>KR</ManufactureCountry>
      <ManufacturerItemDescription>קפה טסטרס צ'וייס</ManufacturerItemDescription>
      <UnitQty>גרמים</UnitQty>
      <Quantity>36.00</Quantity>
      <bIsWeighted>0</bIsWeighted>
      <UnitOfMeasure>100 גרם</UnitOfMeasure>
      <QtyInPackage>0</QtyInPackage>
      <ItemPrice>11.60</ItemPrice>
      <UnitOfMeasurePrice>32.22</UnitOfMeasurePrice>
      <AllowDiscount>1</AllowDiscount>
      <ItemStatus>1</ItemStatus>
    </Item>
    <Item>
      <PriceUpdateDate>2018-05-22 12:22</PriceUpdateDate>
      <ItemCode>8801055707966</ItemCode>
      <ItemType>1</ItemType>
      <ItemName>טסטרס צ'וייס בריסטה180ג</ItemName>
      <ManufacturerName>לוטה נסטלה קוריאה</ManufacturerName>
      <ManufactureCountry>KR</ManufactureCountry>
      <ManufacturerItemDescription>טסטרס צ'וייס</ManufacturerItemDescription>
      <UnitQty>גרמים</UnitQty>
      <Quantity>180.00</Quantity>
      <bIsWeighted>0</bIsWeighted>
      <UnitOfMeasure>100 גרם</UnitOfMeasure>
      <QtyInPackage>1</QtyInPackage>
      <ItemPrice>32.90</ItemPrice>
      <UnitOfMeasurePrice>18.28</UnitOfMeasurePrice>
      <AllowDiscount>1</AllowDiscount>
      <ItemStatus>1</ItemStatus>
    </Item>
    <Item>
      <PriceUpdateDate>2018-08-10 05:35</PriceUpdateDate>
      <ItemCode>8801055708772</ItemCode>
      <ItemType>1</ItemType>
      <ItemName>טסטרס צ'ויס 200+50ג מארז</ItemName>
      <ManufacturerName>לוטה נסטלה קוריאה</ManufacturerName>
      <ManufactureCountry>KR</ManufactureCountry>
      <ManufacturerItemDescription>טסטרס צ'ויס מארז</ManufacturerItemDescription>
      <UnitQty>גרמים</UnitQty>
      <Quantity>250.00</Quantity>
      <bIsWeighted>0</bIsWeighted>
      <UnitOfMeasure>100 גרם</UnitOfMeasure>
      <QtyInPackage>1</QtyInPackage>
      <ItemPrice>32.90</ItemPrice>
      <UnitOfMeasurePrice>13.16</UnitOfMeasurePrice>
      <AllowDiscount>1</AllowDiscount>
      <ItemStatus>1</ItemStatus>
    </Item>
    <Item>
      <PriceUpdateDate>2020-10-10 18:30</PriceUpdateDate>
      <ItemCode>8888021200256</ItemCode>
      <ItemType>1</ItemType>
      <ItemName>שמינית סוללות AA</ItemName>
      <ManufacturerName>אנרג'ייזר</ManufacturerName>
      <ManufactureCountry>SG</ManufactureCountry>
      <ManufacturerItemDescription>שמינית סוללות</ManufacturerItemDescription>
      <UnitQty>יחידה</UnitQty>
      <Quantity>1.00</Quantity>
      <bIsWeighted>0</bIsWeighted>
      <UnitOfMeasure>יחידה</UnitOfMeasure>
      <QtyInPackage>0</QtyInPackage>
      <ItemPrice>23.90</ItemPrice>
      <UnitOfMeasurePrice>23.90</UnitOfMeasurePrice>
      <AllowDiscount>1</AllowDiscount>
      <ItemStatus>1</ItemStatus>
    </Item>
    <Item>
      <PriceUpdateDate>2016-01-05 06:48</PriceUpdateDate>
      <ItemCode>8901537024014</ItemCode>
      <ItemType>1</ItemType>
      <ItemName>אורז בסמטי</ItemName>
      <ManufacturerName />
      <ManufactureCountry>IN</ManufactureCountry>
      <ManufacturerItemDescription>אורז בסמטי</ManufacturerItemDescription>
      <UnitQty>קילוגרמים</UnitQty>
      <Quantity>1.00</Quantity>
      <bIsWeighted>0</bIsWeighted>
      <UnitOfMeasure>ק"ג</UnitOfMeasure>
      <QtyInPackage>0</QtyInPackage>
      <ItemPrice>14.90</ItemPrice>
      <UnitOfMeasurePrice>14.90</UnitOfMeasurePrice>
      <AllowDiscount>1</AllowDiscount>
      <ItemStatus>1</ItemStatus>
    </Item>
    <Item>
      <PriceUpdateDate>2017-02-07 07:17</PriceUpdateDate>
      <ItemCode>9720188060108</ItemCode>
      <ItemType>1</ItemType>
      <ItemName>ממרח טופו בטעם טבעי340גר</ItemName>
      <ManufacturerName>---</ManufacturerName>
      <ManufactureCountry>IL</ManufactureCountry>
      <ManufacturerItemDescription>ממרח טופו שמנת</ManufacturerItemDescription>
      <UnitQty>גרמים</UnitQty>
      <Quantity>340.00</Quantity>
      <bIsWeighted>0</bIsWeighted>
      <UnitOfMeasure>100 גרם</UnitOfMeasure>
      <QtyInPackage>0</QtyInPackage>
      <ItemPrice>23.60</ItemPrice>
      <UnitOfMeasurePrice>6.94</UnitOfMeasurePrice>
      <AllowDiscount>1</AllowDiscount>
      <ItemStatus>1</ItemStatus>
    </Item>
    <Item>
      <PriceUpdateDate>2019-12-10 07:34</PriceUpdateDate>
      <ItemCode>9800800056</ItemCode>
      <ItemType>1</ItemType>
      <ItemName>ממרח נוטלה טו גו 52 גרם</ItemName>
      <ManufacturerName>פררו</ManufacturerName>
      <ManufactureCountry>IT</ManufactureCountry>
      <ManufacturerItemDescription>ממרח נוטלה טו גו</ManufacturerItemDescription>
      <UnitQty>גרמים</UnitQty>
      <Quantity>52.00</Quantity>
      <bIsWeighted>0</bIsWeighted>
      <UnitOfMeasure>100 גרם</UnitOfMeasure>
      <QtyInPackage>1</QtyInPackage>
      <ItemPrice>5.90</ItemPrice>
      <UnitOfMeasurePrice>11.35</UnitOfMeasurePrice>
      <AllowDiscount>1</AllowDiscount>
      <ItemStatus>1</ItemStatus>
    </Item>
  </Items>
</root>