<?xml version="1.0" encoding="utf-8"?>
<root>
  <ChainId>7290027600007</ChainId>
  <SubChainId>005</SubChainId>
  <StoreId>485</StoreId>
  <BikoretNo>7</BikoretNo>
  <DllVerNo>8.0.1.3</DllVerNo>
  <Items Count="2386">
    <Item>
      <PriceUpdateDate>2020-10-10 21:00</PriceUpdateDate>
      <ItemCode>16000281684</ItemCode>
      <ItemType>1</ItemType>
      <ItemName>חטיף נייטשר ואלי פקאן5יח</ItemName>
      <ManufacturerName>ג'נרל מילס</ManufacturerName>
      <ManufactureCountry>US</ManufactureCountry>
      <ManufacturerItemDescription>חטיף נייטשר ואלי</ManufacturerItemDescription>
      <UnitQty>גרמים</UnitQty>
      <Quantity>210.00</Quantity>
      <bIsWeighted>0</bIsWeighted>
      <UnitOfMeasure>100 גרם</UnitOfMeasure>
      <QtyInPackage>0</QtyInPackage>
      <ItemPrice>13.90</ItemPrice>
      <UnitOfMeasurePrice>6.62</UnitOfMeasurePrice>
      <AllowDiscount>1</AllowDiscount>
      <ItemStatus>1</ItemStatus>
    </Item>
    <Item>
      <PriceUpdateDate>2020-01-20 00:14</PriceUpdateDate>
      <ItemCode>20714045159</ItemCode>
      <ItemType>1</ItemType>
      <ItemName>7 דיי רינס אוף פרומול</ItemName>
      <ManufacturerName>קליניק</ManufacturerName>
      <ManufactureCountry>IL</ManufactureCountry>
      <ManufacturerItemDescription>7 דיי רינס אוף פ</ManufacturerItemDescription>
      <UnitQty>מיליליטרים</UnitQty>
      <Quantity>100.00</Quantity>
      <bIsWeighted>0</bIsWeighted>
      <UnitOfMeasure>100 מ"ל</UnitOfMeasure>
      <QtyInPackage>0</QtyInPackage>
      <ItemPrice>159.00</ItemPrice>
      <UnitOfMeasurePrice>159.00</UnitOfMeasurePrice>
      <AllowDiscount>1</AllowDiscount>
      <ItemStatus>1</ItemStatus>
    </Item>
    <Item>
      <PriceUpdateDate>2020-01-20 00:14</PriceUpdateDate>
      <ItemCode>20714174231</ItemCode>
      <ItemType>1</ItemType>
      <ItemName>קלW.T. ק.גרגרים לגוף</ItemName>
      <ManufacturerName>קליניק</ManufacturerName>
      <ManufactureCountry>IL</ManufactureCountry>
      <ManufacturerItemDescription>קלW.T. ק.גרגרים</ManufacturerItemDescription>
      <UnitQty>מיליליטרים</UnitQty>
      <Quantity>250.00</Quantity>
      <bIsWeighted>0</bIsWeighted>
      <UnitOfMeasure>100 מ"ל</UnitOfMeasure>
      <QtyInPackage>0</QtyInPackage>
      <ItemPrice>159.00</ItemPrice>
      <UnitOfMeasurePrice>63.60</UnitOfMeasurePrice>
      <AllowDiscount>1</AllowDiscount>
      <ItemStatus>1</ItemStatus>
    </Item>
    <Item>
      <PriceUpdateDate>2020-01-20 00:14</PriceUpdateDate>
      <ItemCode>20714227661</ItemCode>
      <ItemType>1</ItemType>
      <ItemName>סבון פנים לעור מעורב</ItemName>
      <ManufacturerName>קליניק</ManufacturerName>
      <ManufactureCountry>IL</ManufactureCountry>
      <ManufacturerItemDescription>סבון פנים לעור</ManufacturerItemDescription>
      <UnitQty>מיליליטרים</UnitQty>
      <Quantity>200.00</Quantity>
      <bIsWeighted>0</bIsWeighted>
      <UnitOfMeasure>100 מ"ל</UnitOfMeasure>
      <QtyInPackage>0</QtyInPackage>
      <ItemPrice>109.00</ItemPrice>
      <UnitOfMeasurePrice>54.50</UnitOfMeasurePrice>
      <AllowDiscount>1</AllowDiscount>
      <ItemStatus>1</ItemStatus>
    </Item>
    <Item>
      <PriceUpdateDate>2020-01-20 00:14</PriceUpdateDate>
      <ItemCode>20714227685</ItemCode>
      <ItemType>1</ItemType>
      <ItemName>סבון פנים לעור מעורב שמן</ItemName>
      <ManufacturerName>קליניק</ManufacturerName>
      <ManufactureCountry>IL</ManufactureCountry>
      <ManufacturerItemDescription>Facial Liquid</ManufacturerItemDescription>
      <UnitQty>מיליליטרים</UnitQty>
      <Quantity>200.00</Quantity>
      <bIsWeighted>0</bIsWeighted>
      <UnitOfMeasure>100 מ"ל</UnitOfMeasure>
      <QtyInPackage>0</QtyInPackage>
      <ItemPrice>109.00</ItemPrice>
      <UnitOfMeasurePrice>54.50</UnitOfMeasurePrice>
      <AllowDiscount>1</AllowDiscount>
      <ItemStatus>1</ItemStatus>
    </Item>
    <Item>
      <PriceUpdateDate>2020-01-20 00:14</PriceUpdateDate>
      <ItemCode>20714261597</ItemCode>
      <ItemType>1</ItemType>
      <ItemName>טייק דה דיי אוף מילק</ItemName>
      <ManufacturerName>קליניק</ManufacturerName>
      <ManufactureCountry>IL</ManufactureCountry>
      <ManufacturerItemDescription>טייק דה דיי אוף</ManufacturerItemDescription>
      <UnitQty>מיליליטרים</UnitQty>
      <Quantity>200.00</Quantity>
      <bIsWeighted>0</bIsWeighted>
      <UnitOfMeasure>100 מ"ל</UnitOfMeasure>
      <QtyInPackage>0</QtyInPackage>
      <ItemPrice>118.00</ItemPrice>
      <UnitOfMeasurePrice>59.00</UnitOfMeasurePrice>
      <AllowDiscount>1</AllowDiscount>
      <ItemStatus>1</ItemStatus>
    </Item>
    <Item>
      <PriceUpdateDate>2020-01-20 00:14</PriceUpdateDate>
      <ItemCode>20714281113</ItemCode>
      <ItemType>1</ItemType>
      <ItemName>מי הסרה לטיפול באקנה</ItemName>
      <ManufacturerName>קליניק</ManufacturerName>
      <ManufactureCountry>IL</ManufactureCountry>
      <ManufacturerItemDescription>אנטי בלמיש200</ManufacturerItemDescription>
      <UnitQty>מיליליטרים</UnitQty>
      <Quantity>200.00</Quantity>
      <bIsWeighted>0</bIsWeighted>
      <UnitOfMeasure>100 מ"ל</UnitOfMeasure>
      <QtyInPackage>0</QtyInPackage>
      <ItemPrice>119.00</ItemPrice>
      <UnitOfMeasurePrice>59.50</UnitOfMeasurePrice>
      <AllowDiscount>1</AllowDiscount>
      <ItemStatus>1</ItemStatus>
    </Item>
    <Item>
      <PriceUpdateDate>2020-01-20 00:14</PriceUpdateDate>
      <ItemCode>20714291839</ItemCode>
      <ItemType>1</ItemType>
      <ItemName>אנטי בלמיש קלירינג</ItemName>
      <ManufacturerName>קליניק</ManufacturerName>
      <ManufactureCountry>IL</ManufactureCountry>
      <ManufacturerItemDescription>אנטי בלמיש קלירי</ManufacturerItemDescription>
      <UnitQty>מיליליטרים</UnitQty>
      <Quantity>50.00</Quantity>
      <bIsWeighted>0</bIsWeighted>
      <UnitOfMeasure>100 מ"ל</UnitOfMeasure>
      <QtyInPackage>0</QtyInPackage>
      <ItemPrice>129.00</ItemPrice>
      <UnitOfMeasurePrice>258.00</UnitOfMeasurePrice>
      <AllowDiscount>1</AllowDiscount>
      <ItemStatus>1</ItemStatus>
    </Item>
    <Item>
      <PriceUpdateDate>2020-01-20 00:14</PriceUpdateDate>
      <ItemCode>20714462727</ItemCode>
      <ItemType>1</ItemType>
      <ItemName>מי הסרה עור יבש עד מעורב</ItemName>
      <ManufacturerName>קליניק</ManufacturerName>
      <ManufactureCountry>IL</ManufactureCountry>
      <ManufacturerItemDescription>מי הסרה מס 2</ManufacturerItemDescription>
      <UnitQty>מיליליטרים</UnitQty>
      <Quantity>400.00</Quantity>
      <bIsWeighted>0</bIsWeighted>
      <UnitOfMeasure>100 מ"ל</UnitOfMeasure>
      <QtyInPackage>0</QtyInPackage>
      <ItemPrice>179.00</ItemPrice>
      <UnitOfMeasurePrice>44.75</UnitOfMeasurePrice>
      <AllowDiscount>1</AllowDiscount>
      <ItemStatus>1</ItemStatus>
    </Item>
    <Item>
      <PriceUpdateDate>2020-01-20 00:14</PriceUpdateDate>
      <ItemCode>20714462765</ItemCode>
      <ItemType>1</ItemType>
      <ItemName>מי הסרה עור יבש עד מעורב</ItemName>
      <ManufacturerName>קליניק</ManufacturerName>
      <ManufactureCountry>IL</ManufactureCountry>
      <ManufacturerItemDescription>מי הסרה שלב 2</ManufacturerItemDescription>
      <UnitQty>מיליליטרים</UnitQty>
      <Quantity>200.00</Quantity>
      <bIsWeighted>0</bIsWeighted>
      <UnitOfMeasure>100 מ"ל</UnitOfMeasure>
      <QtyInPackage>0</QtyInPackage>
      <ItemPrice>109.00</ItemPrice>
      <UnitOfMeasurePrice>54.50</UnitOfMeasurePrice>
      <AllowDiscount>1</AllowDiscount>
      <ItemStatus>1</ItemStatus>
    </Item>
    <Item>
      <PriceUpdateDate>2020-01-20 00:14</PriceUpdateDate>
      <ItemCode>20714687977</ItemCode>
      <ItemType>1</ItemType>
      <ItemName>אנטי בלמיש ג'ל ניקוי</ItemName>
      <ManufacturerName>קליניק</ManufacturerName>
      <ManufactureCountry>IL</ManufactureCountry>
      <ManufacturerItemDescription>אנטי בלמיש ג'</ManufacturerItemDescription>
      <UnitQty>יחידה</UnitQty>
      <Quantity>1.00</Quantity>
      <bIsWeighted>0</bIsWeighted>
      <UnitOfMeasure>יחידה</UnitOfMeasure>
      <QtyInPackage>0</QtyInPackage>
      <ItemPrice>119.00</ItemPrice>
      <UnitOfMeasurePrice>119.00</UnitOfMeasurePrice>
      <AllowDiscount>1</AllowDiscount>
      <ItemStatus>1</ItemStatus>
    </Item>
    <Item>
      <PriceUpdateDate>2020-01-20 00:14</PriceUpdateDate>
      <ItemCode>20714784737</ItemCode>
      <ItemType>1</ItemType>
      <ItemName>סיטי בלוק ג'ל ניקוי</ItemName>
      <ManufacturerName>קליניק</ManufacturerName>
      <ManufactureCountry>IL</ManufactureCountry>
      <ManufacturerItemDescription>סיטי בלוק ג'ל ני</ManufacturerItemDescription>
      <UnitQty>מיליליטרים</UnitQty>
      <Quantity>200.00</Quantity>
      <bIsWeighted>0</bIsWeighted>
      <UnitOfMeasure>100 מ"ל</UnitOfMeasure>
      <QtyInPackage>0</QtyInPackage>
      <ItemPrice>118.00</ItemPrice>
      <UnitOfMeasurePrice>59.00</UnitOfMeasurePrice>
      <AllowDiscount>1</AllowDiscount>
      <ItemStatus>1</ItemStatus>
    </Item>
    <Item>
      <PriceUpdateDate>2020-01-20 00:14</PriceUpdateDate>
      <ItemCode>20714896447</ItemCode>
      <ItemType>1</ItemType>
      <ItemName>ג'ל קילנסינג מסירל 2 ב 1</ItemName>
      <ManufacturerName>קליניק</ManufacturerName>
      <ManufactureCountry>IL</ManufactureCountry>
      <ManufacturerItemDescription>ג'ל קילנסינג מסי</ManufacturerItemDescription>
      <UnitQty>מיליליטרים</UnitQty>
      <Quantity>150.00</Quantity>
      <bIsWeighted>0</bIsWeighted>
      <UnitOfMeasure>100 מ"ל</UnitOfMeasure>
      <QtyInPackage>1</QtyInPackage>
      <ItemPrice>109.00</ItemPrice>
      <UnitOfMeasurePrice>72.67</UnitOfMeasurePrice>
      <AllowDiscount>1</AllowDiscount>
      <ItemStatus>1</ItemStatus>
    </Item>
    <Item>
      <PriceUpdateDate>2020-10-10 21:00</PriceUpdateDate>
      <ItemCode>20714898137</ItemCode>
      <ItemType>1</ItemType>
      <ItemName>מויסטר סרג' 72 שעות 30 מ</ItemName>
      <ManufacturerName>כללי</ManufacturerName>
      <ManufactureCountry>IL</ManufactureCountry>
      <ManufacturerItemDescription>מויסטר סרג' 72 ש</ManufacturerItemDescription>
      <UnitQty>מיליליטרים</UnitQty>
      <Quantity>30.00</Quantity>
      <bIsWeighted>0</bIsWeighted>
      <UnitOfMeasure>100 מ"ל</UnitOfMeasure>
      <QtyInPackage>1</QtyInPackage>
      <ItemPrice>59.00</ItemPrice>
      <UnitOfMeasurePrice>196.66</UnitOfMeasurePrice>
      <AllowDiscount>1</AllowDiscount>
      <ItemStatus>1</ItemStatus>
    </Item>
    <Item>
      <PriceUpdateDate>2020-01-20 00:13</PriceUpdateDate>
      <ItemCode>20714999346</ItemCode>
      <ItemType>1</ItemType>
      <ItemName>ELIXIR AROMATICS לאשה</ItemName>
      <ManufacturerName>קליניק בישום</ManufacturerName>
      <ManufactureCountry>IL</ManufactureCountry>
      <ManufacturerItemDescription>ELIXIR AROMATICS</ManufacturerItemDescription>
      <UnitQty>מיליליטרים</UnitQty>
      <Quantity>100.00</Quantity>
      <bIsWeighted>0</bIsWeighted>
      <UnitOfMeasure>100 מ"ל</UnitOfMeasure>
      <QtyInPackage>0</QtyInPackage>
      <ItemPrice>299.00</ItemPrice>
      <UnitOfMeasurePrice>299.00</UnitOfMeasurePrice>
      <AllowDiscount>1</AllowDiscount>
      <ItemStatus>1</ItemStatus>
    </Item>
    <Item>
      <PriceUpdateDate>2020-10-10 21:00</PriceUpdateDate>
      <ItemCode>22200956932</ItemCode>
      <ItemType>1</ItemType>
      <ItemName>ספיד סטיק ג'ל 24/7 כחול</ItemName>
      <ManufacturerName>קולגייט פלמוליב</ManufacturerName>
      <ManufactureCountry>US</ManufactureCountry>
      <ManufacturerItemDescription>דאודורנט ג'ל</ManufacturerItemDescription>
      <UnitQty>גרמים</UnitQty>
      <Quantity>85.00</Quantity>
      <bIsWeighted>0</bIsWeighted>
      <UnitOfMeasure>100 גרם</UnitOfMeasure>
      <QtyInPackage>0</QtyInPackage>
      <ItemPrice>19.90</ItemPrice>
      <UnitOfMeasurePrice>23.41</UnitOfMeasurePrice>
      <AllowDiscount>1</AllowDiscount>
      <ItemStatus>1</ItemStatus>
    </Item>
    <Item>
      <PriceUpdateDate>2020-10-10 21:00</PriceUpdateDate>
      <ItemCode>25700005650</ItemCode>
      <ItemType>1</ItemType>
      <ItemName>זיפלוק שקיות הקפאה 14 יח</ItemName>
      <ManufacturerName>תאי גריפטק קו</ManufacturerName>
      <ManufactureCountry>TH</ManufactureCountry>
      <ManufacturerItemDescription>שקיות הקפאה</ManufacturerItemDescription>
      <UnitQty>יחידה</UnitQty>
      <Quantity>1.00</Quantity>
      <bIsWeighted>0</bIsWeighted>
      <UnitOfMeasure>יחידה</UnitOfMeasure>
      <QtyInPackage>1</QtyInPackage>
      <ItemPrice>10.00</ItemPrice>
      <UnitOfMeasurePrice>10.00</UnitOfMeasurePrice>
      <AllowDiscount>1</AllowDiscount>
      <ItemStatus>1</ItemStatus>
    </Item>
    <Item>
      <PriceUpdateDate>2020-07-05 09:56</PriceUpdateDate>
      <ItemCode>27131006534</ItemCode>
      <ItemType>1</ItemType>
      <ItemName>Knowing א.ד.פ לאשה</ItemName>
      <ManufacturerName>אסתי לאודר בישו</ManufacturerName>
      <ManufactureCountry>IL</ManufactureCountry>
      <ManufacturerItemDescription>Knowing לאשה</ManufacturerItemDescription>
      <UnitQty>מיליליטרים</UnitQty>
      <Quantity>75.00</Quantity>
      <bIsWeighted>0</bIsWeighted>
      <UnitOfMeasure>100 מ"ל</UnitOfMeasure>
      <QtyInPackage>0</QtyInPackage>
      <ItemPrice>319.00</ItemPrice>
      <UnitOfMeasurePrice>425.33</UnitOfMeasurePrice>
      <AllowDiscount>1</AllowDiscount>
      <ItemStatus>1</ItemStatus>
    </Item>
    <Item>
      <PriceUpdateDate>2020-10-10 19:40</PriceUpdateDate>
      <ItemCode>27131228387</ItemCode>
      <ItemType>1</ItemType>
      <ItemName>WEAR DOUBLE מייק אפ 3N1</ItemName>
      <ManufacturerName>אסתי לאודר</ManufacturerName>
      <ManufactureCountry>IL</ManufactureCountry>
      <ManufacturerItemDescription>מייק אפ 3N1</ManufacturerItemDescription>
      <UnitQty>מיליליטרים</UnitQty>
      <Quantity>30.00</Quantity>
      <bIsWeighted>0</bIsWeighted>
      <UnitOfMeasure>100 מ"ל</UnitOfMeasure>
      <QtyInPackage>0</QtyInPackage>
      <ItemPrice>159.00</ItemPrice>
      <UnitOfMeasurePrice>530.00</UnitOfMeasurePrice>
      <AllowDiscount>1</AllowDiscount>
      <ItemStatus>1</ItemStatus>
    </Item>
    <Item>
      <PriceUpdateDate>2020-01-20 00:14</PriceUpdateDate>
      <ItemCode>27131763512</ItemCode>
      <ItemType>1</ItemType>
      <ItemName>WEAR DAY  קרם פנים</ItemName>
      <ManufacturerName>אסתי לאודר</ManufacturerName>
      <ManufactureCountry>IL</ManufactureCountry>
      <ManufacturerItemDescription>קרם WEAR DAY</ManufacturerItemDescription>
      <UnitQty>מיליליטרים</UnitQty>
      <Quantity>50.00</Quantity>
      <bIsWeighted>0</bIsWeighted>
      <UnitOfMeasure>100 מ"ל</UnitOfMeasure>
      <QtyInPackage>0</QtyInPackage>
      <ItemPrice>220.00</ItemPrice>
      <UnitOfMeasurePrice>440.00</UnitOfMeasurePrice>
      <AllowDiscount>1</AllowDiscount>
      <ItemStatus>1</ItemStatus>
    </Item>
    <Item>
      <PriceUpdateDate>2020-01-20 00:13</PriceUpdateDate>
      <ItemCode>27131936732</ItemCode>
      <ItemType>1</ItemType>
      <ItemName>וורי אסתי לאישה אדפ 50מל</ItemName>
      <ManufacturerName>אסתי לאודר בישו</ManufacturerName>
      <ManufactureCountry>IL</ManufactureCountry>
      <ManufacturerItemDescription>וורי אסתי לאישה</ManufacturerItemDescription>
      <UnitQty>מיליליטרים</UnitQty>
      <Quantity>50.00</Quantity>
      <bIsWeighted>0</bIsWeighted>
      <UnitOfMeasure>100 מ"ל</UnitOfMeasure>
      <QtyInPackage>0</QtyInPackage>
      <ItemPrice>169.00</ItemPrice>
      <UnitOfMeasurePrice>338.00</UnitOfMeasurePrice>
      <AllowDiscount>1</AllowDiscount>
      <ItemStatus>1</ItemStatus>
    </Item>
    <Item>
      <PriceUpdateDate>2020-02-23 15:00</PriceUpdateDate>
      <ItemCode>30095137</ItemCode>
      <ItemType>1</ItemType>
      <ItemName>לק גוון 11 יח'</ItemName>
      <ManufacturerName>לוריאל</ManufacturerName>
      <ManufactureCountry>DE</ManufactureCountry>
      <ManufacturerItemDescription>לק גוון 11</ManufacturerItemDescription>
      <UnitQty>יחידה</UnitQty>
      <Quantity>1.00</Quantity>
      <bIsWeighted>0</bIsWeighted>
      <UnitOfMeasure>יחידה</UnitOfMeasure>
      <QtyInPackage>1</QtyInPackage>
      <ItemPrice>43.90</ItemPrice>
      <UnitOfMeasurePrice>43.90</UnitOfMeasurePrice>
      <AllowDiscount>1</AllowDiscount>
      <ItemStatus>1</ItemStatus>
    </Item>
    <Item>
      <PriceUpdateDate>2020-02-21 08:25</PriceUpdateDate>
      <ItemCode>30095397</ItemCode>
      <ItemType>1</ItemType>
      <ItemName>לק גוון 37 יח'</ItemName>
      <ManufacturerName>לוריאל</ManufacturerName>
      <ManufactureCountry>DE</ManufactureCountry>
      <ManufacturerItemDescription>לק גוון 37</ManufacturerItemDescription>
      <UnitQty>יחידה</UnitQty>
      <Quantity>1.00</Quantity>
      <bIsWeighted>0</bIsWeighted>
      <UnitOfMeasure>יחידה</UnitOfMeasure>
      <QtyInPackage>1</QtyInPackage>
      <ItemPrice>43.90</ItemPrice>
      <UnitOfMeasurePrice>43.90</UnitOfMeasurePrice>
      <AllowDiscount>1</AllowDiscount>
      <ItemStatus>1</ItemStatus>
    </Item>
    <Item>
      <PriceUpdateDate>2020-02-23 15:00</PriceUpdateDate>
      <ItemCode>30095465</ItemCode>
      <ItemType>1</ItemType>
      <ItemName>לק גוון 44 יח'</ItemName>
      <ManufacturerName>לוריאל</ManufacturerName>
      <ManufactureCountry>DE</ManufactureCountry>
      <ManufacturerItemDescription>לק גוון 44</ManufacturerItemDescription>
      <UnitQty>יחידה</UnitQty>
      <Quantity>1.00</Quantity>
      <bIsWeighted>0</bIsWeighted>
      <UnitOfMeasure>יחידה</UnitOfMeasure>
      <QtyInPackage>1</QtyInPackage>
      <ItemPrice>43.90</ItemPrice>
      <UnitOfMeasurePrice>43.90</UnitOfMeasurePrice>
      <AllowDiscount>1</AllowDiscount>
      <ItemStatus>1</ItemStatus>
    </Item>
    <Item>
      <PriceUpdateDate>2020-01-20 00:14</PriceUpdateDate>
      <ItemCode>30095847</ItemCode>
      <ItemType>1</ItemType>
      <ItemName>לק גוון 82יח'</ItemName>
      <ManufacturerName>לוריאל</ManufacturerName>
      <ManufactureCountry>DE</ManufactureCountry>
      <ManufacturerItemDescription>לק גוון 82</ManufacturerItemDescription>
      <UnitQty>יחידה</UnitQty>
      <Quantity>1.00</Quantity>
      <bIsWeighted>0</bIsWeighted>
      <UnitOfMeasure>יחידה</UnitOfMeasure>
      <QtyInPackage>1</QtyInPackage>
      <ItemPrice>41.90</ItemPrice>
      <UnitOfMeasurePrice>41.90</UnitOfMeasurePrice>
      <AllowDiscount>1</AllowDiscount>
      <ItemStatus>1</ItemStatus>
    </Item>
    <Item>
      <PriceUpdateDate>2020-08-07 05:42</PriceUpdateDate>
      <ItemCode>30096585</ItemCode>
      <ItemType>1</ItemType>
      <ItemName>קונסילר פיט מי 10</ItemName>
      <ManufacturerName>כללי</ManufacturerName>
      <ManufactureCountry>IL</ManufactureCountry>
      <ManufacturerItemDescription>קונסילר פיט מי 0</ManufacturerItemDescription>
      <UnitQty>מיליליטרים</UnitQty>
      <Quantity>6.00</Quantity>
      <bIsWeighted>0</bIsWeighted>
      <UnitOfMeasure>100 מ"ל</UnitOfMeasure>
      <QtyInPackage>1</QtyInPackage>
      <ItemPrice>45.00</ItemPrice>
      <UnitOfMeasurePrice>750.00</UnitOfMeasurePrice>
      <AllowDiscount>1</AllowDiscount>
      <ItemStatus>1</ItemStatus>
    </Item>
    <Item>
      <PriceUpdateDate>2020-01-20 00:14</PriceUpdateDate>
      <ItemCode>30108387</ItemCode>
      <ItemType>1</ItemType>
      <ItemName>מסקרה קולוסל גו אקסטרים</ItemName>
      <ManufacturerName>כללי</ManufacturerName>
      <ManufactureCountry>IL</ManufactureCountry>
      <ManufacturerItemDescription>מסקרה שחור</ManufacturerItemDescription>
      <UnitQty>יחידה</UnitQty>
      <Quantity>1.00</Quantity>
      <bIsWeighted>0</bIsWeighted>
      <UnitOfMeasure>יחידה</UnitOfMeasure>
      <QtyInPackage>1</QtyInPackage>
      <ItemPrice>40.00</ItemPrice>
      <UnitOfMeasurePrice>40.00</UnitOfMeasurePrice>
      <AllowDiscount>1</AllowDiscount>
      <ItemStatus>1</ItemStatus>
    </Item>
    <Item>
      <PriceUpdateDate>2020-10-10 20:20</PriceUpdateDate>
      <ItemCode>3014260022730</ItemCode>
      <ItemType>1</ItemType>
      <ItemName>2מברשות אדוונטג' מדיום40</ItemName>
      <ManufacturerName>פרוקטר &amp; גמבל</ManufacturerName>
      <ManufactureCountry>IE</ManufactureCountry>
      <ManufacturerItemDescription>זוג מברשות</ManufacturerItemDescription>
      <UnitQty>יחידה</UnitQty>
      <Quantity>1.00</Quantity>
      <bIsWeighted>0</bIsWeighted>
      <UnitOfMeasure>יחידה</UnitOfMeasure>
      <QtyInPackage>0</QtyInPackage>
      <ItemPrice>17.90</ItemPrice>
      <UnitOfMeasurePrice>17.90</UnitOfMeasurePrice>
      <AllowDiscount>1</AllowDiscount>
      <ItemStatus>1</ItemStatus>
    </Item>
    <Item>
      <PriceUpdateDate>2020-10-10 20:20</PriceUpdateDate>
      <ItemCode>3014260100667</ItemCode>
      <ItemType>1</ItemType>
      <ItemName>מברשת השיניים לילדים3-5</ItemName>
      <ManufacturerName>פרוקטר &amp; גמבל</ManufacturerName>
      <ManufactureCountry>IE</ManufactureCountry>
      <ManufacturerItemDescription>מברשת השיניים</ManufacturerItemDescription>
      <UnitQty>יחידה</UnitQty>
      <Quantity>1.00</Quantity>
      <bIsWeighted>0</bIsWeighted>
      <UnitOfMeasure>יחידה</UnitOfMeasure>
      <QtyInPackage>1</QtyInPackage>
      <ItemPrice>13.90</ItemPrice>
      <UnitOfMeasurePrice>13.90</UnitOfMeasurePrice>
      <AllowDiscount>1</AllowDiscount>
      <ItemStatus>1</ItemStatus>
    </Item>
    <Item>
      <PriceUpdateDate>2020-01-20 00:14</PriceUpdateDate>
      <ItemCode>3014260201753</ItemCode>
      <ItemType>1</ItemType>
      <ItemName>5 סכיני גילוח ח"פ בלוLH2</ItemName>
      <ManufacturerName>פרוקטר אנד גמבל</ManufacturerName>
      <ManufactureCountry>PL</ManufactureCountry>
      <ManufacturerItemDescription>סכיני גילוח ח"פ</ManufacturerItemDescription>
      <UnitQty>יחידה</UnitQty>
      <Quantity>1.00</Quantity>
      <bIsWeighted>0</bIsWeighted>
      <UnitOfMeasure>יחידה</UnitOfMeasure>
      <QtyInPackage>0</QtyInPackage>
      <ItemPrice>13.90</ItemPrice>
      <UnitOfMeasurePrice>13.90</UnitOfMeasurePrice>
      <AllowDiscount>1</AllowDiscount>
      <ItemStatus>1</ItemStatus>
    </Item>
    <Item>
      <PriceUpdateDate>2020-01-20 00:14</PriceUpdateDate>
      <ItemCode>3014260214692</ItemCode>
      <ItemType>1</ItemType>
      <ItemName>ג'ל גילוח סירייס 200מל</ItemName>
      <ManufacturerName>ג'\ילט</ManufacturerName>
      <ManufactureCountry>GB</ManufactureCountry>
      <ManufacturerItemDescription>ג'ל גילוח סירייס</ManufacturerItemDescription>
      <UnitQty>מיליליטרים</UnitQty>
      <Quantity>200.00</Quantity>
      <bIsWeighted>0</bIsWeighted>
      <UnitOfMeasure>100 מ"ל</UnitOfMeasure>
      <QtyInPackage>0</QtyInPackage>
      <ItemPrice>18.90</ItemPrice>
      <UnitOfMeasurePrice>9.45</UnitOfMeasurePrice>
      <AllowDiscount>1</AllowDiscount>
      <ItemStatus>1</ItemStatus>
    </Item>
    <Item>
      <PriceUpdateDate>2020-01-20 00:14</PriceUpdateDate>
      <ItemCode>3014260228842</ItemCode>
      <ItemType>1</ItemType>
      <ItemName>קצף גילוח ג'ילט קלסיק200</ItemName>
      <ManufacturerName>ג'\ילט</ManufacturerName>
      <ManufactureCountry>GB</ManufactureCountry>
      <ManufacturerItemDescription>קצף גילוח ג'ילט</ManufacturerItemDescription>
      <UnitQty>מיליליטרים</UnitQty>
      <Quantity>200.00</Quantity>
      <bIsWeighted>0</bIsWeighted>
      <UnitOfMeasure>100 מ"ל</UnitOfMeasure>
      <QtyInPackage>0</QtyInPackage>
      <ItemPrice>14.90</ItemPrice>
      <UnitOfMeasurePrice>7.45</UnitOfMeasurePrice>
      <AllowDiscount>1</AllowDiscount>
      <ItemStatus>1</ItemStatus>
    </Item>
    <Item>
      <PriceUpdateDate>2020-01-20 00:14</PriceUpdateDate>
      <ItemCode>3014260240226</ItemCode>
      <ItemType>1</ItemType>
      <ItemName>קצף גילוח ג'ילט רגיש200מ</ItemName>
      <ManufacturerName>ג'\ילט</ManufacturerName>
      <ManufactureCountry>GB</ManufactureCountry>
      <ManufacturerItemDescription>קצף גילוח ג'ילט</ManufacturerItemDescription>
      <UnitQty>מיליליטרים</UnitQty>
      <Quantity>200.00</Quantity>
      <bIsWeighted>0</bIsWeighted>
      <UnitOfMeasure>100 מ"ל</UnitOfMeasure>
      <QtyInPackage>0</QtyInPackage>
      <ItemPrice>14.90</ItemPrice>
      <UnitOfMeasurePrice>7.45</UnitOfMeasurePrice>
      <AllowDiscount>1</AllowDiscount>
      <ItemStatus>1</ItemStatus>
    </Item>
    <Item>
      <PriceUpdateDate>2020-01-20 00:14</PriceUpdateDate>
      <ItemCode>3014260262693</ItemCode>
      <ItemType>1</ItemType>
      <ItemName>מכשיר גילוח ונוס2+סכינים</ItemName>
      <ManufacturerName>פרוקטר אנד גמבל</ManufacturerName>
      <ManufactureCountry>PL</ManufactureCountry>
      <ManufacturerItemDescription>מכשיר גילוח ונוס</ManufacturerItemDescription>
      <UnitQty>יחידה</UnitQty>
      <Quantity>1.00</Quantity>
      <bIsWeighted>0</bIsWeighted>
      <UnitOfMeasure>יחידה</UnitOfMeasure>
      <QtyInPackage>0</QtyInPackage>
      <ItemPrice>36.90</ItemPrice>
      <UnitOfMeasurePrice>36.90</UnitOfMeasurePrice>
      <AllowDiscount>1</AllowDiscount>
      <ItemStatus>1</ItemStatus>
    </Item>
    <Item>
      <PriceUpdateDate>2020-01-20 00:14</PriceUpdateDate>
      <ItemCode>3014260262709</ItemCode>
      <ItemType>1</ItemType>
      <ItemName>סכיני גילוח ונוס 4 יח'</ItemName>
      <ManufacturerName>פרוקטר אנד גמבל</ManufacturerName>
      <ManufactureCountry>DE</ManufactureCountry>
      <ManufacturerItemDescription>סכיני גילוח ונ</ManufacturerItemDescription>
      <UnitQty>יחידה</UnitQty>
      <Quantity>1.00</Quantity>
      <bIsWeighted>0</bIsWeighted>
      <UnitOfMeasure>יחידה</UnitOfMeasure>
      <QtyInPackage>0</QtyInPackage>
      <ItemPrice>48.90</ItemPrice>
      <UnitOfMeasurePrice>48.90</UnitOfMeasurePrice>
      <AllowDiscount>1</AllowDiscount>
      <ItemStatus>1</ItemStatus>
    </Item>
    <Item>
      <PriceUpdateDate>2020-01-20 00:14</PriceUpdateDate>
      <ItemCode>3014260289287</ItemCode>
      <ItemType>1</ItemType>
      <ItemName>5 סכיני גילוח בלו2 לאשה</ItemName>
      <ManufacturerName>פרוקטר אנד גמבל</ManufacturerName>
      <ManufactureCountry>RU</ManufactureCountry>
      <ManufacturerItemDescription>סכיני גילוח</ManufacturerItemDescription>
      <UnitQty>יחידה</UnitQty>
      <Quantity>1.00</Quantity>
      <bIsWeighted>0</bIsWeighted>
      <UnitOfMeasure>יחידה</UnitOfMeasure>
      <QtyInPackage>0</QtyInPackage>
      <ItemPrice>14.90</ItemPrice>
      <UnitOfMeasurePrice>14.90</UnitOfMeasurePrice>
      <AllowDiscount>1</AllowDiscount>
      <ItemStatus>1</ItemStatus>
    </Item>
    <Item>
      <PriceUpdateDate>2020-03-22 11:54</PriceUpdateDate>
      <ItemCode>3014260836665</ItemCode>
      <ItemType>1</ItemType>
      <ItemName>מברשת אורל בי פרו אקספרט</ItemName>
      <ManufacturerName>פרוקטר &amp; גמבל</ManufacturerName>
      <ManufactureCountry>ES</ManufactureCountry>
      <ManufacturerItemDescription>מברשת אורל בי</ManufacturerItemDescription>
      <UnitQty>יחידה</UnitQty>
      <Quantity>1.00</Quantity>
      <bIsWeighted>0</bIsWeighted>
      <UnitOfMeasure>יחידה</UnitOfMeasure>
      <QtyInPackage>1</QtyInPackage>
      <ItemPrice>43.90</ItemPrice>
      <UnitOfMeasurePrice>43.90</UnitOfMeasurePrice>
      <AllowDiscount>1</AllowDiscount>
      <ItemStatus>1</ItemStatus>
    </Item>
    <Item>
      <PriceUpdateDate>2020-06-26 00:03</PriceUpdateDate>
      <ItemCode>30175792</ItemCode>
      <ItemType>1</ItemType>
      <ItemName>מסקרה במבי שחור יח'</ItemName>
      <ManufacturerName>כללי</ManufacturerName>
      <ManufactureCountry>IL</ManufactureCountry>
      <ManufacturerItemDescription>מסקרה במבי שחור</ManufacturerItemDescription>
      <UnitQty>יחידה</UnitQty>
      <Quantity>1.00</Quantity>
      <bIsWeighted>0</bIsWeighted>
      <UnitOfMeasure>יחידה</UnitOfMeasure>
      <QtyInPackage>1</QtyInPackage>
      <ItemPrice>75.00</ItemPrice>
      <UnitOfMeasurePrice>75.00</UnitOfMeasurePrice>
      <AllowDiscount>1</AllowDiscount>
      <ItemStatus>1</ItemStatus>
    </Item>
    <Item>
      <PriceUpdateDate>2020-10-10 21:00</PriceUpdateDate>
      <ItemCode>305210437371</ItemCode>
      <ItemType>1</ItemType>
      <ItemName>וזלין לשפתיים ורוד עדין</ItemName>
      <ManufacturerName>---</ManufacturerName>
      <ManufactureCountry>US</ManufactureCountry>
      <ManufacturerItemDescription>וזלין לשפתיים ור</ManufacturerItemDescription>
      <UnitQty>יחידה</UnitQty>
      <Quantity>1.00</Quantity>
      <bIsWeighted>0</bIsWeighted>
      <UnitOfMeasure>יחידה</UnitOfMeasure>
      <QtyInPackage>1</QtyInPackage>
      <ItemPrice>11.90</ItemPrice>
      <UnitOfMeasurePrice>11.90</UnitOfMeasurePrice>
      <AllowDiscount>1</AllowDiscount>
      <ItemStatus>1</ItemStatus>
    </Item>
    <Item>
      <PriceUpdateDate>2020-01-20 00:21</PriceUpdateDate>
      <ItemCode>3059943015104</ItemCode>
      <ItemType>1</ItemType>
      <ItemName>מטהר נטול גז יסמין345מל</ItemName>
      <ManufacturerName>רקיט בנקיזר</ManufacturerName>
      <ManufactureCountry>PL</ManufactureCountry>
      <ManufacturerItemDescription>אירוויק מבשם</ManufacturerItemDescription>
      <UnitQty>מיליליטרים</UnitQty>
      <Quantity>345.00</Quantity>
      <bIsWeighted>0</bIsWeighted>
      <UnitOfMeasure>100 מ"ל</UnitOfMeasure>
      <QtyInPackage>0</QtyInPackage>
      <ItemPrice>21.90</ItemPrice>
      <UnitOfMeasurePrice>6.35</UnitOfMeasurePrice>
      <AllowDiscount>1</AllowDiscount>
      <ItemStatus>1</ItemStatus>
    </Item>
    <Item>
      <PriceUpdateDate>2020-01-20 00:14</PriceUpdateDate>
      <ItemCode>3059944021197</ItemCode>
      <ItemType>1</ItemType>
      <ItemName>ויט קרם להסרת שיער 400מל</ItemName>
      <ManufacturerName>רקיט בנקיזר</ManufacturerName>
      <ManufactureCountry>FR</ManufactureCountry>
      <ManufacturerItemDescription>מסיר שיער ויט</ManufacturerItemDescription>
      <UnitQty>מיליליטרים</UnitQty>
      <Quantity>400.00</Quantity>
      <bIsWeighted>0</bIsWeighted>
      <UnitOfMeasure>100 מ"ל</UnitOfMeasure>
      <QtyInPackage>0</QtyInPackage>
      <ItemPrice>57.90</ItemPrice>
      <UnitOfMeasurePrice>14.48</UnitOfMeasurePrice>
      <AllowDiscount>1</AllowDiscount>
      <ItemStatus>1</ItemStatus>
    </Item>
    <Item>
      <PriceUpdateDate>2020-01-20 00:14</PriceUpdateDate>
      <ItemCode>3059944021869</ItemCode>
      <ItemType>1</ItemType>
      <ItemName>ויט קרם ספריי רגיל150מ"ל</ItemName>
      <ManufacturerName>רקיט בנקיזר</ManufacturerName>
      <ManufactureCountry>FR</ManufactureCountry>
      <ManufacturerItemDescription>ויט קרם</ManufacturerItemDescription>
      <UnitQty>מיליליטרים</UnitQty>
      <Quantity>150.00</Quantity>
      <bIsWeighted>0</bIsWeighted>
      <UnitOfMeasure>100 מ"ל</UnitOfMeasure>
      <QtyInPackage>0</QtyInPackage>
      <ItemPrice>48.90</ItemPrice>
      <UnitOfMeasurePrice>32.60</UnitOfMeasurePrice>
      <AllowDiscount>1</AllowDiscount>
      <ItemStatus>1</ItemStatus>
    </Item>
    <Item>
      <PriceUpdateDate>2020-01-20 00:14</PriceUpdateDate>
      <ItemCode>3059944025003</ItemCode>
      <ItemType>1</ItemType>
      <ItemName>20רצועות שעווה לעור רגיל</ItemName>
      <ManufacturerName>רקיט בנקיזר</ManufacturerName>
      <ManufactureCountry>FR</ManufactureCountry>
      <ManufacturerItemDescription>20רצועות שעווה</ManufacturerItemDescription>
      <UnitQty>יחידה</UnitQty>
      <Quantity>1.00</Quantity>
      <bIsWeighted>0</bIsWeighted>
      <UnitOfMeasure>יחידה</UnitOfMeasure>
      <QtyInPackage>1</QtyInPackage>
      <ItemPrice>47.90</ItemPrice>
      <UnitOfMeasurePrice>47.90</UnitOfMeasurePrice>
      <AllowDiscount>1</AllowDiscount>
      <ItemStatus>1</ItemStatus>
    </Item>
    <Item>
      <PriceUpdateDate>2020-01-20 00:13</PriceUpdateDate>
      <ItemCode>3137370340409</ItemCode>
      <ItemType>1</ItemType>
      <ItemName>Jour Premier א.ד.פ לאשה</ItemName>
      <ManufacturerName>לילית בישום</ManufacturerName>
      <ManufactureCountry>IL</ManufactureCountry>
      <ManufacturerItemDescription>Jour Premier</ManufacturerItemDescription>
      <UnitQty>מיליליטרים</UnitQty>
      <Quantity>50.00</Quantity>
      <bIsWeighted>0</bIsWeighted>
      <UnitOfMeasure>100 מ"ל</UnitOfMeasure>
      <QtyInPackage>1</QtyInPackage>
      <ItemPrice>98.00</ItemPrice>
      <UnitOfMeasurePrice>196.00</UnitOfMeasurePrice>
      <AllowDiscount>1</AllowDiscount>
      <ItemStatus>1</ItemStatus>
    </Item>
    <Item>
      <PriceUpdateDate>2020-08-14 05:43</PriceUpdateDate>
      <ItemCode>3251241041995</ItemCode>
      <ItemType>1</ItemType>
      <ItemName>תחליב רחצה עדין חלב וניל</ItemName>
      <ManufacturerName>---</ManufacturerName>
      <ManufactureCountry>IT</ManufactureCountry>
      <ManufacturerItemDescription>תחליב רחצה עדין</ManufacturerItemDescription>
      <UnitQty>מיליליטרים</UnitQty>
      <Quantity>400.00</Quantity>
      <bIsWeighted>0</bIsWeighted>
      <UnitOfMeasure>100 מ"ל</UnitOfMeasure>
      <QtyInPackage>1</QtyInPackage>
      <ItemPrice>7.90</ItemPrice>
      <UnitOfMeasurePrice>1.98</UnitOfMeasurePrice>
      <AllowDiscount>1</AllowDiscount>
      <ItemStatus>1</ItemStatus>
    </Item>
    <Item>
      <PriceUpdateDate>2020-08-14 05:43</PriceUpdateDate>
      <ItemCode>3251241048635</ItemCode>
      <ItemType>1</ItemType>
      <ItemName>תחליב רחצה עדין לבנדר 40</ItemName>
      <ManufacturerName>---</ManufacturerName>
      <ManufactureCountry>IT</ManufactureCountry>
      <ManufacturerItemDescription>תחליב רחצה עדין</ManufacturerItemDescription>
      <UnitQty>מיליליטרים</UnitQty>
      <Quantity>400.00</Quantity>
      <bIsWeighted>0</bIsWeighted>
      <UnitOfMeasure>100 מ"ל</UnitOfMeasure>
      <QtyInPackage>1</QtyInPackage>
      <ItemPrice>7.90</ItemPrice>
      <UnitOfMeasurePrice>1.98</UnitOfMeasurePrice>
      <AllowDiscount>1</AllowDiscount>
      <ItemStatus>1</ItemStatus>
    </Item>
    <Item>
      <PriceUpdateDate>2020-01-20 00:13</PriceUpdateDate>
      <ItemCode>3274872300842</ItemCode>
      <ItemType>1</ItemType>
      <ItemName>פאי ג.אדט150</ItemName>
      <ManufacturerName>ג'יבנשי בישום</ManufacturerName>
      <ManufactureCountry>IL</ManufactureCountry>
      <ManufacturerItemDescription>פאי ג.אדט150</ManufacturerItemDescription>
      <UnitQty>מיליליטרים</UnitQty>
      <Quantity>150.00</Quantity>
      <bIsWeighted>0</bIsWeighted>
      <UnitOfMeasure>100 מ"ל</UnitOfMeasure>
      <QtyInPackage>0</QtyInPackage>
      <ItemPrice>298.00</ItemPrice>
      <UnitOfMeasurePrice>198.67</UnitOfMeasurePrice>
      <AllowDiscount>1</AllowDiscount>
      <ItemStatus>1</ItemStatus>
    </Item>
    <Item>
      <PriceUpdateDate>2020-07-24 05:37</PriceUpdateDate>
      <ItemCode>3274872400726</ItemCode>
      <ItemType>1</ItemType>
      <ItemName>אירזיסטיבל אדפ 50 מ"ל</ItemName>
      <ManufacturerName>כללי</ManufacturerName>
      <ManufactureCountry>IL</ManufactureCountry>
      <ManufacturerItemDescription>אירזיסיטבל אדפ</ManufacturerItemDescription>
      <UnitQty>מיליליטרים</UnitQty>
      <Quantity>50.00</Quantity>
      <bIsWeighted>0</bIsWeighted>
      <UnitOfMeasure>100 מ"ל</UnitOfMeasure>
      <QtyInPackage>1</QtyInPackage>
      <ItemPrice>399.00</ItemPrice>
      <UnitOfMeasurePrice>798.00</UnitOfMeasurePrice>
      <AllowDiscount>1</AllowDiscount>
      <ItemStatus>1</ItemStatus>
    </Item>
    <Item>
      <PriceUpdateDate>2020-08-28 05:42</PriceUpdateDate>
      <ItemCode>3274872411692</ItemCode>
      <ItemType>1</ItemType>
      <ItemName>לאינטרדי אינטנס80 מל</ItemName>
      <ManufacturerName>כללי</ManufacturerName>
      <ManufactureCountry>IL</ManufactureCountry>
      <ManufacturerItemDescription>לאינטרדי אינטנס</ManufacturerItemDescription>
      <UnitQty>מיליליטרים</UnitQty>
      <Quantity>80.00</Quantity>
      <bIsWeighted>0</bIsWeighted>
      <UnitOfMeasure>100 מ"ל</UnitOfMeasure>
      <QtyInPackage>1</QtyInPackage>
      <ItemPrice>529.00</ItemPrice>
      <UnitOfMeasurePrice>661.25</UnitOfMeasurePrice>
      <AllowDiscount>1</AllowDiscount>
      <ItemStatus>1</ItemStatus>
    </Item>
    <Item>
      <PriceUpdateDate>2020-01-20 00:13</PriceUpdateDate>
      <ItemCode>3274878222568</ItemCode>
      <ItemType>1</ItemType>
      <ItemName>Pi א.ד.ט לגבר</ItemName>
      <ManufacturerName>אלפא בישום</ManufacturerName>
      <ManufactureCountry>FR</ManufactureCountry>
      <ManufacturerItemDescription>Pi א.ד.ט לגבר</ManufacturerItemDescription>
      <UnitQty>מיליליטרים</UnitQty>
      <Quantity>100.00</Quantity>
      <bIsWeighted>0</bIsWeighted>
      <UnitOfMeasure>100 מ"ל</UnitOfMeasure>
      <QtyInPackage>0</QtyInPackage>
      <ItemPrice>219.00</ItemPrice>
      <UnitOfMeasurePrice>219.00</UnitOfMeasurePrice>
      <AllowDiscount>1</AllowDiscount>
      <ItemStatus>1</ItemStatus>
    </Item>
    <Item>
      <PriceUpdateDate>2020-10-10 22:40</PriceUpdateDate>
      <ItemCode>3346131400003</ItemCode>
      <ItemType>1</ItemType>
      <ItemName>D'hermes Terre אדט100מל</ItemName>
      <ManufacturerName>רוסמן-קוסמטיקה</ManufacturerName>
      <ManufactureCountry>IL</ManufactureCountry>
      <ManufacturerItemDescription>D'hermes Terre</ManufacturerItemDescription>
      <UnitQty>מיליליטרים</UnitQty>
      <Quantity>100.00</Quantity>
      <bIsWeighted>0</bIsWeighted>
      <UnitOfMeasure>100 מ"ל</UnitOfMeasure>
      <QtyInPackage>0</QtyInPackage>
      <ItemPrice>349.00</ItemPrice>
      <UnitOfMeasurePrice>349.00</UnitOfMeasurePrice>
      <AllowDiscount>1</AllowDiscount>
      <ItemStatus>1</ItemStatus>
    </Item>
    <Item>
      <PriceUpdateDate>2020-01-20 00:13</PriceUpdateDate>
      <ItemCode>3348900012219</ItemCode>
      <ItemType>1</ItemType>
      <ItemName>פרנהייט א.ד.ט לגבר 100מל</ItemName>
      <ManufacturerName>כריסטיאן דיור</ManufacturerName>
      <ManufactureCountry>IL</ManufactureCountry>
      <ManufacturerItemDescription>פרנהייט א.ד.ט</ManufacturerItemDescription>
      <UnitQty>מיליליטרים</UnitQty>
      <Quantity>100.00</Quantity>
      <bIsWeighted>0</bIsWeighted>
      <UnitOfMeasure>100 מ"ל</UnitOfMeasure>
      <QtyInPackage>0</QtyInPackage>
      <ItemPrice>399.00</ItemPrice>
      <UnitOfMeasurePrice>399.00</UnitOfMeasurePrice>
      <AllowDiscount>1</AllowDiscount>
      <ItemStatus>1</ItemStatus>
    </Item>
    <Item>
      <PriceUpdateDate>2020-10-10 22:40</PriceUpdateDate>
      <ItemCode>3349666007921</ItemCode>
      <ItemType>1</ItemType>
      <ItemName>MILLION 1 א.ד.ט לגבר</ItemName>
      <ManufacturerName>לילית בישום</ManufacturerName>
      <ManufactureCountry />
      <ManufacturerItemDescription>MILLION 1 א.ד.ט</ManufacturerItemDescription>
      <UnitQty>מיליליטרים</UnitQty>
      <Quantity>100.00</Quantity>
      <bIsWeighted>0</bIsWeighted>
      <UnitOfMeasure>100 מ"ל</UnitOfMeasure>
      <QtyInPackage>0</QtyInPackage>
      <ItemPrice>219.00</ItemPrice>
      <UnitOfMeasurePrice>219.00</UnitOfMeasurePrice>
      <AllowDiscount>1</AllowDiscount>
      <ItemStatus>1</ItemStatus>
    </Item>
    <Item>
      <PriceUpdateDate>2020-10-10 22:40</PriceUpdateDate>
      <ItemCode>3349668508488</ItemCode>
      <ItemType>1</ItemType>
      <ItemName>MILLION Lady א.ד.פ אשה50</ItemName>
      <ManufacturerName>PUIG בישום</ManufacturerName>
      <ManufactureCountry>IL</ManufactureCountry>
      <ManufacturerItemDescription>MILLION Lady</ManufacturerItemDescription>
      <UnitQty>מיליליטרים</UnitQty>
      <Quantity>50.00</Quantity>
      <bIsWeighted>0</bIsWeighted>
      <UnitOfMeasure>100 מ"ל</UnitOfMeasure>
      <QtyInPackage>0</QtyInPackage>
      <ItemPrice>239.00</ItemPrice>
      <UnitOfMeasurePrice>478.00</UnitOfMeasurePrice>
      <AllowDiscount>1</AllowDiscount>
      <ItemStatus>1</ItemStatus>
    </Item>
    <Item>
      <PriceUpdateDate>2020-10-10 22:40</PriceUpdateDate>
      <ItemCode>3349668524969</ItemCode>
      <ItemType>1</ItemType>
      <ItemName>אינויקטוס אדט 150 מ"ל</ItemName>
      <ManufacturerName>לילית בישום</ManufacturerName>
      <ManufactureCountry>FR</ManufactureCountry>
      <ManufacturerItemDescription>אינויקטוס אדט</ManufacturerItemDescription>
      <UnitQty>מיליליטרים</UnitQty>
      <Quantity>150.00</Quantity>
      <bIsWeighted>0</bIsWeighted>
      <UnitOfMeasure>100 מ"ל</UnitOfMeasure>
      <QtyInPackage>1</QtyInPackage>
      <ItemPrice>349.00</ItemPrice>
      <UnitOfMeasurePrice>232.66</UnitOfMeasurePrice>
      <AllowDiscount>1</AllowDiscount>
      <ItemStatus>1</ItemStatus>
    </Item>
    <Item>
      <PriceUpdateDate>2020-10-10 22:40</PriceUpdateDate>
      <ItemCode>3349668566372</ItemCode>
      <ItemType>1</ItemType>
      <ItemName>ONE מיליון 200 מ"ל</ItemName>
      <ManufacturerName>לילית בישום</ManufacturerName>
      <ManufactureCountry>FR</ManufactureCountry>
      <ManufacturerItemDescription>ONE מיליון</ManufacturerItemDescription>
      <UnitQty>מיליליטרים</UnitQty>
      <Quantity>200.00</Quantity>
      <bIsWeighted>0</bIsWeighted>
      <UnitOfMeasure>100 מ"ל</UnitOfMeasure>
      <QtyInPackage>1</QtyInPackage>
      <ItemPrice>329.00</ItemPrice>
      <UnitOfMeasurePrice>164.50</UnitOfMeasurePrice>
      <AllowDiscount>1</AllowDiscount>
      <ItemStatus>1</ItemStatus>
    </Item>
    <Item>
      <PriceUpdateDate>2020-10-10 22:40</PriceUpdateDate>
      <ItemCode>3352818518800</ItemCode>
      <ItemType>1</ItemType>
      <ItemName>פלאוור ביי קנזו א.אדפ100</ItemName>
      <ManufacturerName>אלפא בישום</ManufacturerName>
      <ManufactureCountry>IL</ManufactureCountry>
      <ManufacturerItemDescription>פלאוור ביי קנזו</ManufacturerItemDescription>
      <UnitQty>מיליליטרים</UnitQty>
      <Quantity>50.00</Quantity>
      <bIsWeighted>0</bIsWeighted>
      <UnitOfMeasure>100 מ"ל</UnitOfMeasure>
      <QtyInPackage>0</QtyInPackage>
      <ItemPrice>379.00</ItemPrice>
      <UnitOfMeasurePrice>758.00</UnitOfMeasurePrice>
      <AllowDiscount>1</AllowDiscount>
      <ItemStatus>1</ItemStatus>
    </Item>
    <Item>
      <PriceUpdateDate>2020-10-10 22:40</PriceUpdateDate>
      <ItemCode>3355991002319</ItemCode>
      <ItemType>1</ItemType>
      <ItemName>סילבר סנט אדט לגבר 100מל</ItemName>
      <ManufacturerName>אלפא בישום</ManufacturerName>
      <ManufactureCountry />
      <ManufacturerItemDescription>סילבר סנט אדט</ManufacturerItemDescription>
      <UnitQty>מיליליטרים</UnitQty>
      <Quantity>100.00</Quantity>
      <bIsWeighted>0</bIsWeighted>
      <UnitOfMeasure>100 מ"ל</UnitOfMeasure>
      <QtyInPackage>0</QtyInPackage>
      <ItemPrice>119.00</ItemPrice>
      <UnitOfMeasurePrice>119.00</UnitOfMeasurePrice>
      <AllowDiscount>1</AllowDiscount>
      <ItemStatus>1</ItemStatus>
    </Item>
    <Item>
      <PriceUpdateDate>2020-10-10 22:40</PriceUpdateDate>
      <ItemCode>3355991003019</ItemCode>
      <ItemType>1</ItemType>
      <ItemName>INTENSE SCENT SILVER גבר</ItemName>
      <ManufacturerName>אלפא בישום</ManufacturerName>
      <ManufactureCountry>FR</ManufactureCountry>
      <ManufacturerItemDescription>INT SCENT SILVER</ManufacturerItemDescription>
      <UnitQty>מיליליטרים</UnitQty>
      <Quantity>100.00</Quantity>
      <bIsWeighted>0</bIsWeighted>
      <UnitOfMeasure>100 מ"ל</UnitOfMeasure>
      <QtyInPackage>0</QtyInPackage>
      <ItemPrice>119.00</ItemPrice>
      <UnitOfMeasurePrice>119.00</UnitOfMeasurePrice>
      <AllowDiscount>1</AllowDiscount>
      <ItemStatus>1</ItemStatus>
    </Item>
    <Item>
      <PriceUpdateDate>2020-01-20 00:14</PriceUpdateDate>
      <ItemCode>3355991005129</ItemCode>
      <ItemType>1</ItemType>
      <ItemName>סילבר סנט דאו ספריי 200</ItemName>
      <ManufacturerName>בוגרט בישום</ManufacturerName>
      <ManufactureCountry>FR</ManufactureCountry>
      <ManufacturerItemDescription>סילבר סנט דאו</ManufacturerItemDescription>
      <UnitQty>מיליליטרים</UnitQty>
      <Quantity>200.00</Quantity>
      <bIsWeighted>0</bIsWeighted>
      <UnitOfMeasure>100 מ"ל</UnitOfMeasure>
      <QtyInPackage>1</QtyInPackage>
      <ItemPrice>26.90</ItemPrice>
      <UnitOfMeasurePrice>13.45</UnitOfMeasurePrice>
      <AllowDiscount>1</AllowDiscount>
      <ItemStatus>1</ItemStatus>
    </Item>
    <Item>
      <PriceUpdateDate>2020-10-10 23:10</PriceUpdateDate>
      <ItemCode>3355992000260</ItemCode>
      <ItemType>1</ItemType>
      <ItemName>Lapidus Ted א.ד.ט לגבר</ItemName>
      <ManufacturerName>אלפא בישום</ManufacturerName>
      <ManufactureCountry>FR</ManufactureCountry>
      <ManufacturerItemDescription>Lapidus Ted אדט</ManufacturerItemDescription>
      <UnitQty>מיליליטרים</UnitQty>
      <Quantity>100.00</Quantity>
      <bIsWeighted>0</bIsWeighted>
      <UnitOfMeasure>100 מ"ל</UnitOfMeasure>
      <QtyInPackage>0</QtyInPackage>
      <ItemPrice>99.00</ItemPrice>
      <UnitOfMeasurePrice>99.00</UnitOfMeasurePrice>
      <AllowDiscount>1</AllowDiscount>
      <ItemStatus>1</ItemStatus>
    </Item>
    <Item>
      <PriceUpdateDate>2020-01-20 00:13</PriceUpdateDate>
      <ItemCode>3360372058878</ItemCode>
      <ItemType>1</ItemType>
      <ItemName>Gio Di Acqua א.ד.ט לגבר</ItemName>
      <ManufacturerName>לנקום בישום</ManufacturerName>
      <ManufactureCountry>IL</ManufactureCountry>
      <ManufacturerItemDescription>Gio Di Acqua גבר</ManufacturerItemDescription>
      <UnitQty>מיליליטרים</UnitQty>
      <Quantity>100.00</Quantity>
      <bIsWeighted>0</bIsWeighted>
      <UnitOfMeasure>100 מ"ל</UnitOfMeasure>
      <QtyInPackage>1</QtyInPackage>
      <ItemPrice>299.00</ItemPrice>
      <UnitOfMeasurePrice>299.00</UnitOfMeasurePrice>
      <AllowDiscount>1</AllowDiscount>
      <ItemStatus>1</ItemStatus>
    </Item>
    <Item>
      <PriceUpdateDate>2020-01-20 00:13</PriceUpdateDate>
      <ItemCode>3360372058892</ItemCode>
      <ItemType>1</ItemType>
      <ItemName>אקווה דה ג'יו ג.דאו.ספרי</ItemName>
      <ManufacturerName>אינטרביוטי-בישו</ManufacturerName>
      <ManufactureCountry>IL</ManufactureCountry>
      <ManufacturerItemDescription>אקווה דה ג'יו ג.</ManufacturerItemDescription>
      <UnitQty>מיליליטרים</UnitQty>
      <Quantity>150.00</Quantity>
      <bIsWeighted>0</bIsWeighted>
      <UnitOfMeasure>100 מ"ל</UnitOfMeasure>
      <QtyInPackage>0</QtyInPackage>
      <ItemPrice>65.90</ItemPrice>
      <UnitOfMeasurePrice>43.93</UnitOfMeasurePrice>
      <AllowDiscount>1</AllowDiscount>
      <ItemStatus>1</ItemStatus>
    </Item>
    <Item>
      <PriceUpdateDate>2020-10-10 22:40</PriceUpdateDate>
      <ItemCode>3360373063680</ItemCode>
      <ItemType>1</ItemType>
      <ItemName>AMOR AMOR א.ד.ט לאשה</ItemName>
      <ManufacturerName>קשארל</ManufacturerName>
      <ManufactureCountry>FR</ManufactureCountry>
      <ManufacturerItemDescription>AMOR AMOR א.ד.ט</ManufacturerItemDescription>
      <UnitQty>מיליליטרים</UnitQty>
      <Quantity>100.00</Quantity>
      <bIsWeighted>0</bIsWeighted>
      <UnitOfMeasure>100 מ"ל</UnitOfMeasure>
      <QtyInPackage>0</QtyInPackage>
      <ItemPrice>209.00</ItemPrice>
      <UnitOfMeasurePrice>209.00</UnitOfMeasurePrice>
      <AllowDiscount>1</AllowDiscount>
      <ItemStatus>1</ItemStatus>
    </Item>
    <Item>
      <PriceUpdateDate>2020-01-20 00:13</PriceUpdateDate>
      <ItemCode>3386460032735</ItemCode>
      <ItemType>1</ItemType>
      <ItemName>מונבלאנק לג'נד דאוסטיק75</ItemName>
      <ManufacturerName>רבלון בישום</ManufacturerName>
      <ManufactureCountry>IL</ManufactureCountry>
      <ManufacturerItemDescription>מונבלאנק לג'נד ד</ManufacturerItemDescription>
      <UnitQty>מיליליטרים</UnitQty>
      <Quantity>75.00</Quantity>
      <bIsWeighted>0</bIsWeighted>
      <UnitOfMeasure>100 מ"ל</UnitOfMeasure>
      <QtyInPackage>0</QtyInPackage>
      <ItemPrice>49.90</ItemPrice>
      <UnitOfMeasurePrice>66.53</UnitOfMeasurePrice>
      <AllowDiscount>1</AllowDiscount>
      <ItemStatus>1</ItemStatus>
    </Item>
    <Item>
      <PriceUpdateDate>2020-10-10 22:40</PriceUpdateDate>
      <ItemCode>3386460066181</ItemCode>
      <ItemType>1</ItemType>
      <ItemName>EMBLEM Lady א.ד.פ לאשה</ItemName>
      <ManufacturerName>מונבלאן</ManufacturerName>
      <ManufactureCountry>FR</ManufactureCountry>
      <ManufacturerItemDescription>EMBLEM Lady לאשה</ManufacturerItemDescription>
      <UnitQty>מיליליטרים</UnitQty>
      <Quantity>75.00</Quantity>
      <bIsWeighted>0</bIsWeighted>
      <UnitOfMeasure>100 מ"ל</UnitOfMeasure>
      <QtyInPackage>1</QtyInPackage>
      <ItemPrice>259.00</ItemPrice>
      <UnitOfMeasurePrice>345.33</UnitOfMeasurePrice>
      <AllowDiscount>1</AllowDiscount>
      <ItemStatus>1</ItemStatus>
    </Item>
    <Item>
      <PriceUpdateDate>2020-10-10 22:40</PriceUpdateDate>
      <ItemCode>3386460076388</ItemCode>
      <ItemType>1</ItemType>
      <ItemName>א.ד.ט לגבר 100מ"לROCHAS</ItemName>
      <ManufacturerName>רבלון בישום</ManufacturerName>
      <ManufactureCountry>IL</ManufactureCountry>
      <ManufacturerItemDescription>MAN ROCHAS א.ד.ט</ManufacturerItemDescription>
      <UnitQty>מיליליטרים</UnitQty>
      <Quantity>100.00</Quantity>
      <bIsWeighted>0</bIsWeighted>
      <UnitOfMeasure>100 מ"ל</UnitOfMeasure>
      <QtyInPackage>1</QtyInPackage>
      <ItemPrice>179.00</ItemPrice>
      <UnitOfMeasurePrice>179.00</UnitOfMeasurePrice>
      <AllowDiscount>1</AllowDiscount>
      <ItemStatus>1</ItemStatus>
    </Item>
    <Item>
      <PriceUpdateDate>2020-09-01 14:25</PriceUpdateDate>
      <ItemCode>3386460104388</ItemCode>
      <ItemType>1</ItemType>
      <ItemName>מארז גימי צו' יח'</ItemName>
      <ManufacturerName>כללי</ManufacturerName>
      <ManufactureCountry>IL</ManufactureCountry>
      <ManufacturerItemDescription>מארז גימי צו'</ManufacturerItemDescription>
      <UnitQty>יחידה</UnitQty>
      <Quantity>1.00</Quantity>
      <bIsWeighted>0</bIsWeighted>
      <UnitOfMeasure>יחידה</UnitOfMeasure>
      <QtyInPackage>1</QtyInPackage>
      <ItemPrice>319.00</ItemPrice>
      <UnitOfMeasurePrice>319.00</UnitOfMeasurePrice>
      <AllowDiscount>1</AllowDiscount>
      <ItemStatus>1</ItemStatus>
    </Item>
    <Item>
      <PriceUpdateDate>2020-07-19 10:00</PriceUpdateDate>
      <ItemCode>3386460112826</ItemCode>
      <ItemType>1</ItemType>
      <ItemName>רושס מדמוזאל מארז יח'</ItemName>
      <ManufacturerName>כללי</ManufacturerName>
      <ManufactureCountry>IL</ManufactureCountry>
      <ManufacturerItemDescription>רושס מדמוזאל מאר</ManufacturerItemDescription>
      <UnitQty>יחידה</UnitQty>
      <Quantity>1.00</Quantity>
      <bIsWeighted>0</bIsWeighted>
      <UnitOfMeasure>יחידה</UnitOfMeasure>
      <QtyInPackage>1</QtyInPackage>
      <ItemPrice>299.00</ItemPrice>
      <UnitOfMeasurePrice>299.00</UnitOfMeasurePrice>
      <AllowDiscount>1</AllowDiscount>
      <ItemStatus>1</ItemStatus>
    </Item>
    <Item>
      <PriceUpdateDate>2020-10-10 22:40</PriceUpdateDate>
      <ItemCode>3386461515671</ItemCode>
      <ItemType>1</ItemType>
      <ItemName>D'ARPEGE ECLAT א.ד.פ אשה</ItemName>
      <ManufacturerName>רבלון בישום</ManufacturerName>
      <ManufactureCountry>FR</ManufactureCountry>
      <ManufacturerItemDescription>D'ARPEGE ECLAT</ManufacturerItemDescription>
      <UnitQty>מיליליטרים</UnitQty>
      <Quantity>100.00</Quantity>
      <bIsWeighted>0</bIsWeighted>
      <UnitOfMeasure>100 מ"ל</UnitOfMeasure>
      <QtyInPackage>1</QtyInPackage>
      <ItemPrice>215.00</ItemPrice>
      <UnitOfMeasurePrice>215.00</UnitOfMeasurePrice>
      <AllowDiscount>1</AllowDiscount>
      <ItemStatus>1</ItemStatus>
    </Item>
    <Item>
      <PriceUpdateDate>2020-01-20 00:13</PriceUpdateDate>
      <ItemCode>3386461519457</ItemCode>
      <ItemType>1</ItemType>
      <ItemName>לנוון אקלה דרפז' אדפ</ItemName>
      <ManufacturerName>רבלון בישום</ManufacturerName>
      <ManufactureCountry>IL</ManufactureCountry>
      <ManufacturerItemDescription>לנוון אקלה דרפז'</ManufacturerItemDescription>
      <UnitQty>מיליליטרים</UnitQty>
      <Quantity>30.00</Quantity>
      <bIsWeighted>0</bIsWeighted>
      <UnitOfMeasure>100 מ"ל</UnitOfMeasure>
      <QtyInPackage>0</QtyInPackage>
      <ItemPrice>98.90</ItemPrice>
      <UnitOfMeasurePrice>329.67</UnitOfMeasurePrice>
      <AllowDiscount>1</AllowDiscount>
      <ItemStatus>1</ItemStatus>
    </Item>
    <Item>
      <PriceUpdateDate>2020-01-20 00:13</PriceUpdateDate>
      <ItemCode>3390150560026</ItemCode>
      <ItemType>1</ItemType>
      <ItemName>איוני סקין קרם עיניים</ItemName>
      <ManufacturerName>פאיו</ManufacturerName>
      <ManufactureCountry>IL</ManufactureCountry>
      <ManufacturerItemDescription>איוני סקין קרם</ManufacturerItemDescription>
      <UnitQty>מיליליטרים</UnitQty>
      <Quantity>15.00</Quantity>
      <bIsWeighted>0</bIsWeighted>
      <UnitOfMeasure>100 מ"ל</UnitOfMeasure>
      <QtyInPackage>0</QtyInPackage>
      <ItemPrice>148.00</ItemPrice>
      <UnitOfMeasurePrice>986.67</UnitOfMeasurePrice>
      <AllowDiscount>1</AllowDiscount>
      <ItemStatus>1</ItemStatus>
    </Item>
    <Item>
      <PriceUpdateDate>2020-02-13 18:08</PriceUpdateDate>
      <ItemCode>3390150562945</ItemCode>
      <ItemType>1</ItemType>
      <ItemName>ג'ל ניקוי מקציף 400 מ"ל</ItemName>
      <ManufacturerName>כללי</ManufacturerName>
      <ManufactureCountry>IL</ManufactureCountry>
      <ManufacturerItemDescription>ג'ל ניקוי מקציף</ManufacturerItemDescription>
      <UnitQty>מיליליטרים</UnitQty>
      <Quantity>400.00</Quantity>
      <bIsWeighted>0</bIsWeighted>
      <UnitOfMeasure>100 מ"ל</UnitOfMeasure>
      <QtyInPackage>1</QtyInPackage>
      <ItemPrice>78.90</ItemPrice>
      <UnitOfMeasurePrice>19.73</UnitOfMeasurePrice>
      <AllowDiscount>1</AllowDiscount>
      <ItemStatus>1</ItemStatus>
    </Item>
    <Item>
      <PriceUpdateDate>2020-01-20 00:13</PriceUpdateDate>
      <ItemCode>3390150566899</ItemCode>
      <ItemType>1</ItemType>
      <ItemName>קרם עיניים  15 מ"ל</ItemName>
      <ManufacturerName>כללי</ManufacturerName>
      <ManufactureCountry>FR</ManufactureCountry>
      <ManufacturerItemDescription>קרם עינים 50 מ"ל</ManufacturerItemDescription>
      <UnitQty>מיליליטרים</UnitQty>
      <Quantity>15.00</Quantity>
      <bIsWeighted>0</bIsWeighted>
      <UnitOfMeasure>100 מ"ל</UnitOfMeasure>
      <QtyInPackage>1</QtyInPackage>
      <ItemPrice>79.00</ItemPrice>
      <UnitOfMeasurePrice>526.67</UnitOfMeasurePrice>
      <AllowDiscount>1</AllowDiscount>
      <ItemStatus>1</ItemStatus>
    </Item>
    <Item>
      <PriceUpdateDate>2020-04-27 17:09</PriceUpdateDate>
      <ItemCode>3390150571497</ItemCode>
      <ItemType>1</ItemType>
      <ItemName>פאיו.הידרה 24 ליפסטיק יח</ItemName>
      <ManufacturerName>פאיו</ManufacturerName>
      <ManufactureCountry>IL</ManufactureCountry>
      <ManufacturerItemDescription>פאיו.הידרה 24 לי</ManufacturerItemDescription>
      <UnitQty>יחידה</UnitQty>
      <Quantity>1.00</Quantity>
      <bIsWeighted>0</bIsWeighted>
      <UnitOfMeasure>יחידה</UnitOfMeasure>
      <QtyInPackage>1</QtyInPackage>
      <ItemPrice>24.90</ItemPrice>
      <UnitOfMeasurePrice>24.90</UnitOfMeasurePrice>
      <AllowDiscount>1</AllowDiscount>
      <ItemStatus>1</ItemStatus>
    </Item>
    <Item>
      <PriceUpdateDate>2020-01-20 00:13</PriceUpdateDate>
      <ItemCode>3414204200949</ItemCode>
      <ItemType>1</ItemType>
      <ItemName>SCULPTURE א.ד.ט לגבר</ItemName>
      <ManufacturerName>לילית בישום</ManufacturerName>
      <ManufactureCountry />
      <ManufacturerItemDescription>SCULPTURE א.ד.ט</ManufacturerItemDescription>
      <UnitQty>מיליליטרים</UnitQty>
      <Quantity>100.00</Quantity>
      <bIsWeighted>0</bIsWeighted>
      <UnitOfMeasure>100 מ"ל</UnitOfMeasure>
      <QtyInPackage>0</QtyInPackage>
      <ItemPrice>98.00</ItemPrice>
      <UnitOfMeasurePrice>98.00</UnitOfMeasurePrice>
      <AllowDiscount>1</AllowDiscount>
      <ItemStatus>1</ItemStatus>
    </Item>
    <Item>
      <PriceUpdateDate>2020-01-20 00:13</PriceUpdateDate>
      <ItemCode>3414206000608</ItemCode>
      <ItemType>1</ItemType>
      <ItemName>יופ א.ד.ט לגבר 125 מ"ל</ItemName>
      <ManufacturerName>לילית בישום</ManufacturerName>
      <ManufactureCountry>FR</ManufactureCountry>
      <ManufacturerItemDescription>יופ א.ד.ט לגבר</ManufacturerItemDescription>
      <UnitQty>מיליליטרים</UnitQty>
      <Quantity>125.00</Quantity>
      <bIsWeighted>0</bIsWeighted>
      <UnitOfMeasure>100 מ"ל</UnitOfMeasure>
      <QtyInPackage>0</QtyInPackage>
      <ItemPrice>98.00</ItemPrice>
      <UnitOfMeasurePrice>78.40</UnitOfMeasurePrice>
      <AllowDiscount>1</AllowDiscount>
      <ItemStatus>1</ItemStatus>
    </Item>
    <Item>
      <PriceUpdateDate>2020-10-10 22:40</PriceUpdateDate>
      <ItemCode>3423473020615</ItemCode>
      <ItemType>1</ItemType>
      <ItemName>לימפטריס מס' 3 אדט 100 מ</ItemName>
      <ManufacturerName>כללי</ManufacturerName>
      <ManufactureCountry>IL</ManufactureCountry>
      <ManufacturerItemDescription>לימפטריס מס' 3 א</ManufacturerItemDescription>
      <UnitQty>מיליליטרים</UnitQty>
      <Quantity>100.00</Quantity>
      <bIsWeighted>0</bIsWeighted>
      <UnitOfMeasure>100 מ"ל</UnitOfMeasure>
      <QtyInPackage>1</QtyInPackage>
      <ItemPrice>139.00</ItemPrice>
      <UnitOfMeasurePrice>139.00</UnitOfMeasurePrice>
      <AllowDiscount>1</AllowDiscount>
      <ItemStatus>1</ItemStatus>
    </Item>
    <Item>
      <PriceUpdateDate>2020-10-10 22:40</PriceUpdateDate>
      <ItemCode>3423473049456</ItemCode>
      <ItemType>1</ItemType>
      <ItemName>דולצה גבנה K אדט 100 מ"ל</ItemName>
      <ManufacturerName>כללי</ManufacturerName>
      <ManufactureCountry>FR</ManufactureCountry>
      <ManufacturerItemDescription>K דולצה גבנה</ManufacturerItemDescription>
      <UnitQty>מיליליטרים</UnitQty>
      <Quantity>100.00</Quantity>
      <bIsWeighted>0</bIsWeighted>
      <UnitOfMeasure>100 מ"ל</UnitOfMeasure>
      <QtyInPackage>1</QtyInPackage>
      <ItemPrice>349.00</ItemPrice>
      <UnitOfMeasurePrice>349.00</UnitOfMeasurePrice>
      <AllowDiscount>1</AllowDiscount>
      <ItemStatus>1</ItemStatus>
    </Item>
    <Item>
      <PriceUpdateDate>2020-10-10 22:10</PriceUpdateDate>
      <ItemCode>3423473049654</ItemCode>
      <ItemType>1</ItemType>
      <ItemName>דולצה K אדט 150 מ"ל</ItemName>
      <ManufacturerName>כללי</ManufacturerName>
      <ManufactureCountry>IL</ManufactureCountry>
      <ManufacturerItemDescription>דולצה K אדט</ManufacturerItemDescription>
      <UnitQty>מיליליטרים</UnitQty>
      <Quantity>150.00</Quantity>
      <bIsWeighted>0</bIsWeighted>
      <UnitOfMeasure>100 מ"ל</UnitOfMeasure>
      <QtyInPackage>1</QtyInPackage>
      <ItemPrice>379.00</ItemPrice>
      <UnitOfMeasurePrice>252.67</UnitOfMeasurePrice>
      <AllowDiscount>1</AllowDiscount>
      <ItemStatus>1</ItemStatus>
    </Item>
    <Item>
      <PriceUpdateDate>2020-10-10 22:40</PriceUpdateDate>
      <ItemCode>3423474891856</ItemCode>
      <ItemType>1</ItemType>
      <ItemName>זדיג&amp;וולטיר דיס אדפ</ItemName>
      <ManufacturerName>זדיג&amp;וולטייר</ManufacturerName>
      <ManufactureCountry>IL</ManufactureCountry>
      <ManufacturerItemDescription>זדיג&amp;וולטיר דיס</ManufacturerItemDescription>
      <UnitQty>מיליליטרים</UnitQty>
      <Quantity>100.00</Quantity>
      <bIsWeighted>0</bIsWeighted>
      <UnitOfMeasure>100 מ"ל</UnitOfMeasure>
      <QtyInPackage>0</QtyInPackage>
      <ItemPrice>269.00</ItemPrice>
      <UnitOfMeasurePrice>269.00</UnitOfMeasurePrice>
      <AllowDiscount>1</AllowDiscount>
      <ItemStatus>1</ItemStatus>
    </Item>
    <Item>
      <PriceUpdateDate>2020-10-10 22:40</PriceUpdateDate>
      <ItemCode>3423478840652</ItemCode>
      <ItemType>1</ItemType>
      <ItemName>PUDREE NARCISO א.ד.פ אשה</ItemName>
      <ManufacturerName>נרסיסו רדריגז</ManufacturerName>
      <ManufactureCountry>IL</ManufactureCountry>
      <ManufacturerItemDescription>PUDREE NARCISO</ManufacturerItemDescription>
      <UnitQty>מיליליטרים</UnitQty>
      <Quantity>90.00</Quantity>
      <bIsWeighted>0</bIsWeighted>
      <UnitOfMeasure>100 מ"ל</UnitOfMeasure>
      <QtyInPackage>1</QtyInPackage>
      <ItemPrice>399.00</ItemPrice>
      <UnitOfMeasurePrice>443.33</UnitOfMeasurePrice>
      <AllowDiscount>1</AllowDiscount>
      <ItemStatus>1</ItemStatus>
    </Item>
    <Item>
      <PriceUpdateDate>2020-07-19 10:00</PriceUpdateDate>
      <ItemCode>3423478990753</ItemCode>
      <ItemType>1</ItemType>
      <ItemName>נרסיסו פור הר מארז יח'</ItemName>
      <ManufacturerName>כללי</ManufacturerName>
      <ManufactureCountry>IL</ManufactureCountry>
      <ManufacturerItemDescription>נרסיסו פור הר מא</ManufacturerItemDescription>
      <UnitQty>יחידה</UnitQty>
      <Quantity>1.00</Quantity>
      <bIsWeighted>0</bIsWeighted>
      <UnitOfMeasure>יחידה</UnitOfMeasure>
      <QtyInPackage>1</QtyInPackage>
      <ItemPrice>565.00</ItemPrice>
      <UnitOfMeasurePrice>565.00</UnitOfMeasurePrice>
      <AllowDiscount>1</AllowDiscount>
      <ItemStatus>1</ItemStatus>
    </Item>
    <Item>
      <PriceUpdateDate>2020-10-10 22:40</PriceUpdateDate>
      <ItemCode>3439600038019</ItemCode>
      <ItemType>1</ItemType>
      <ItemName>Futura Flora Alienאדטמ90</ItemName>
      <ManufacturerName>אלפא קוסמטיקה</ManufacturerName>
      <ManufactureCountry>FR</ManufactureCountry>
      <ManufacturerItemDescription>Futu Flora Alien</ManufacturerItemDescription>
      <UnitQty>מיליליטרים</UnitQty>
      <Quantity>90.00</Quantity>
      <bIsWeighted>0</bIsWeighted>
      <UnitOfMeasure>100 מ"ל</UnitOfMeasure>
      <QtyInPackage>1</QtyInPackage>
      <ItemPrice>359.00</ItemPrice>
      <UnitOfMeasurePrice>398.89</UnitOfMeasurePrice>
      <AllowDiscount>1</AllowDiscount>
      <ItemStatus>1</ItemStatus>
    </Item>
    <Item>
      <PriceUpdateDate>2020-08-14 05:43</PriceUpdateDate>
      <ItemCode>3494800028048</ItemCode>
      <ItemType>1</ItemType>
      <ItemName>מרינה רויאל מדיאמ אדפ30מ</ItemName>
      <ManufacturerName>כללי</ManufacturerName>
      <ManufactureCountry>IL</ManufactureCountry>
      <ManufacturerItemDescription>מרינה רויאל מדיא</ManufacturerItemDescription>
      <UnitQty>מיליליטרים</UnitQty>
      <Quantity>30.00</Quantity>
      <bIsWeighted>0</bIsWeighted>
      <UnitOfMeasure>100 מ"ל</UnitOfMeasure>
      <QtyInPackage>1</QtyInPackage>
      <ItemPrice>79.90</ItemPrice>
      <UnitOfMeasurePrice>266.33</UnitOfMeasurePrice>
      <AllowDiscount>1</AllowDiscount>
      <ItemStatus>1</ItemStatus>
    </Item>
    <Item>
      <PriceUpdateDate>2020-01-20 00:13</PriceUpdateDate>
      <ItemCode>3494800240020</ItemCode>
      <ItemType>1</ItemType>
      <ItemName>DYNASTIE א.ד.פ לאשה</ItemName>
      <ManufacturerName>זילנגיה</ManufacturerName>
      <ManufactureCountry>FR</ManufactureCountry>
      <ManufacturerItemDescription>DYNASTIE א.ד.פ</ManufacturerItemDescription>
      <UnitQty>מיליליטרים</UnitQty>
      <Quantity>50.00</Quantity>
      <bIsWeighted>0</bIsWeighted>
      <UnitOfMeasure>100 מ"ל</UnitOfMeasure>
      <QtyInPackage>1</QtyInPackage>
      <ItemPrice>98.00</ItemPrice>
      <UnitOfMeasurePrice>196.00</UnitOfMeasurePrice>
      <AllowDiscount>1</AllowDiscount>
      <ItemStatus>1</ItemStatus>
    </Item>
    <Item>
      <PriceUpdateDate>2020-10-10 20:20</PriceUpdateDate>
      <ItemCode>35000689535</ItemCode>
      <ItemType>1</ItemType>
      <ItemName>2 קולגייט מקס וייט סופט</ItemName>
      <ManufacturerName>ש. שסטוביץ בע"\מ</ManufacturerName>
      <ManufactureCountry>CN</ManufactureCountry>
      <ManufacturerItemDescription>מברשות שיניים2X</ManufacturerItemDescription>
      <UnitQty>יחידה</UnitQty>
      <Quantity>1.00</Quantity>
      <bIsWeighted>0</bIsWeighted>
      <UnitOfMeasure>יחידה</UnitOfMeasure>
      <QtyInPackage>0</QtyInPackage>
      <ItemPrice>21.90</ItemPrice>
      <UnitOfMeasurePrice>21.90</UnitOfMeasurePrice>
      <AllowDiscount>1</AllowDiscount>
      <ItemStatus>1</ItemStatus>
    </Item>
    <Item>
      <PriceUpdateDate>2020-10-10 21:00</PriceUpdateDate>
      <ItemCode>3574660089547</ItemCode>
      <ItemType>1</ItemType>
      <ItemName>טמפוני או בה נורמל 32 יח</ItemName>
      <ManufacturerName>ג'\ונסון אנד ג'\ונסון</ManufacturerName>
      <ManufactureCountry>GR</ManufactureCountry>
      <ManufacturerItemDescription>טמפוני או בה</ManufacturerItemDescription>
      <UnitQty>יחידה</UnitQty>
      <Quantity>1.00</Quantity>
      <bIsWeighted>0</bIsWeighted>
      <UnitOfMeasure>יחידה</UnitOfMeasure>
      <QtyInPackage>0</QtyInPackage>
      <ItemPrice>22.90</ItemPrice>
      <UnitOfMeasurePrice>22.90</UnitOfMeasurePrice>
      <AllowDiscount>1</AllowDiscount>
      <ItemStatus>1</ItemStatus>
    </Item>
    <Item>
      <PriceUpdateDate>2020-10-10 21:00</PriceUpdateDate>
      <ItemCode>3574660115154</ItemCode>
      <ItemType>1</ItemType>
      <ItemName>32 טמפוני או בה סופר</ItemName>
      <ManufacturerName>ג'\ונסון אנד ג'\ונסון</ManufacturerName>
      <ManufactureCountry>GR</ManufactureCountry>
      <ManufacturerItemDescription>טמפוני או בה</ManufacturerItemDescription>
      <UnitQty>יחידה</UnitQty>
      <Quantity>1.00</Quantity>
      <bIsWeighted>0</bIsWeighted>
      <UnitOfMeasure>יחידה</UnitOfMeasure>
      <QtyInPackage>0</QtyInPackage>
      <ItemPrice>22.90</ItemPrice>
      <UnitOfMeasurePrice>22.90</UnitOfMeasurePrice>
      <AllowDiscount>1</AllowDiscount>
      <ItemStatus>1</ItemStatus>
    </Item>
    <Item>
      <PriceUpdateDate>2020-10-10 21:00</PriceUpdateDate>
      <ItemCode>3574660239973</ItemCode>
      <ItemType>1</ItemType>
      <ItemName>32או בה פרוקומפורט נורמל</ItemName>
      <ManufacturerName>ש. שסטוביץ בע"\מ</ManufacturerName>
      <ManufactureCountry>GR</ManufactureCountry>
      <ManufacturerItemDescription>טמפוני או בה</ManufacturerItemDescription>
      <UnitQty>יחידה</UnitQty>
      <Quantity>1.00</Quantity>
      <bIsWeighted>0</bIsWeighted>
      <UnitOfMeasure>יחידה</UnitOfMeasure>
      <QtyInPackage>0</QtyInPackage>
      <ItemPrice>22.90</ItemPrice>
      <UnitOfMeasurePrice>22.90</UnitOfMeasurePrice>
      <AllowDiscount>1</AllowDiscount>
      <ItemStatus>1</ItemStatus>
    </Item>
    <Item>
      <PriceUpdateDate>2020-01-20 00:13</PriceUpdateDate>
      <ItemCode>3574660245844</ItemCode>
      <ItemType>1</ItemType>
      <ItemName>CLEAN DEEP תרחיץ לניקוי</ItemName>
      <ManufacturerName>ג'ונסון</ManufacturerName>
      <ManufactureCountry>GR</ManufactureCountry>
      <ManufacturerItemDescription>CLEAN DEEP תרחיץ</ManufacturerItemDescription>
      <UnitQty>מיליליטרים</UnitQty>
      <Quantity>200.00</Quantity>
      <bIsWeighted>0</bIsWeighted>
      <UnitOfMeasure>100 מ"ל</UnitOfMeasure>
      <QtyInPackage>0</QtyInPackage>
      <ItemPrice>58.90</ItemPrice>
      <UnitOfMeasurePrice>29.45</UnitOfMeasurePrice>
      <AllowDiscount>1</AllowDiscount>
      <ItemStatus>1</ItemStatus>
    </Item>
    <Item>
      <PriceUpdateDate>2020-10-10 21:00</PriceUpdateDate>
      <ItemCode>3574660322613</ItemCode>
      <ItemType>1</ItemType>
      <ItemName>קרפרי אוורירי מבושם 56יח</ItemName>
      <ManufacturerName>ש. שסטוביץ בע"\מ</ManufacturerName>
      <ManufactureCountry>GR</ManufactureCountry>
      <ManufacturerItemDescription>קרפרי מגני תחתון</ManufacturerItemDescription>
      <UnitQty>יחידה</UnitQty>
      <Quantity>1.00</Quantity>
      <bIsWeighted>0</bIsWeighted>
      <UnitOfMeasure>יחידה</UnitOfMeasure>
      <QtyInPackage>0</QtyInPackage>
      <ItemPrice>12.90</ItemPrice>
      <UnitOfMeasurePrice>12.90</UnitOfMeasurePrice>
      <AllowDiscount>1</AllowDiscount>
      <ItemStatus>1</ItemStatus>
    </Item>
    <Item>
      <PriceUpdateDate>2020-10-10 21:00</PriceUpdateDate>
      <ItemCode>3574660322637</ItemCode>
      <ItemType>1</ItemType>
      <ItemName>קרפרי אלוורה 56 יחידות</ItemName>
      <ManufacturerName>ג'\ונסון אנד ג'\ונסון</ManufacturerName>
      <ManufactureCountry>GR</ManufactureCountry>
      <ManufacturerItemDescription>קרפרי מגן תחתון</ManufacturerItemDescription>
      <UnitQty>יחידה</UnitQty>
      <Quantity>1.00</Quantity>
      <bIsWeighted>0</bIsWeighted>
      <UnitOfMeasure>יחידה</UnitOfMeasure>
      <QtyInPackage>0</QtyInPackage>
      <ItemPrice>12.90</ItemPrice>
      <UnitOfMeasurePrice>12.90</UnitOfMeasurePrice>
      <AllowDiscount>1</AllowDiscount>
      <ItemStatus>1</ItemStatus>
    </Item>
    <Item>
      <PriceUpdateDate>2020-10-10 21:00</PriceUpdateDate>
      <ItemCode>3574660322675</ItemCode>
      <ItemType>1</ItemType>
      <ItemName>קרפרי טנגה פרש 56 יח'</ItemName>
      <ManufacturerName>ג'\ונסון אנד ג'\ונסון</ManufacturerName>
      <ManufactureCountry>GR</ManufactureCountry>
      <ManufacturerItemDescription>קרפרי מגני תחתון</ManufacturerItemDescription>
      <UnitQty>יחידה</UnitQty>
      <Quantity>1.00</Quantity>
      <bIsWeighted>0</bIsWeighted>
      <UnitOfMeasure>יחידה</UnitOfMeasure>
      <QtyInPackage>0</QtyInPackage>
      <ItemPrice>12.90</ItemPrice>
      <UnitOfMeasurePrice>12.90</UnitOfMeasurePrice>
      <AllowDiscount>1</AllowDiscount>
      <ItemStatus>1</ItemStatus>
    </Item>
    <Item>
      <PriceUpdateDate>2020-10-10 21:00</PriceUpdateDate>
      <ItemCode>3574660333466</ItemCode>
      <ItemType>1</ItemType>
      <ItemName>32טמפ. או-בה פרוקומפ.מינ</ItemName>
      <ManufacturerName>ש. שסטוביץ בע"\מ</ManufacturerName>
      <ManufactureCountry>DE</ManufactureCountry>
      <ManufacturerItemDescription>טמפוני או-בה</ManufacturerItemDescription>
      <UnitQty>יחידה</UnitQty>
      <Quantity>1.00</Quantity>
      <bIsWeighted>0</bIsWeighted>
      <UnitOfMeasure>יחידה</UnitOfMeasure>
      <QtyInPackage>0</QtyInPackage>
      <ItemPrice>22.90</ItemPrice>
      <UnitOfMeasurePrice>22.90</UnitOfMeasurePrice>
      <AllowDiscount>1</AllowDiscount>
      <ItemStatus>1</ItemStatus>
    </Item>
    <Item>
      <PriceUpdateDate>2020-01-20 00:14</PriceUpdateDate>
      <ItemCode>3574660342291</ItemCode>
      <ItemType>1</ItemType>
      <ItemName>קרם ידיים ציפורניים 75מל</ItemName>
      <ManufacturerName>ג'ונסון</ManufacturerName>
      <ManufactureCountry>GR</ManufactureCountry>
      <ManufacturerItemDescription>קרם ידיים</ManufacturerItemDescription>
      <UnitQty>מיליליטרים</UnitQty>
      <Quantity>75.00</Quantity>
      <bIsWeighted>0</bIsWeighted>
      <UnitOfMeasure>100 מ"ל</UnitOfMeasure>
      <QtyInPackage>0</QtyInPackage>
      <ItemPrice>27.90</ItemPrice>
      <UnitOfMeasurePrice>37.20</UnitOfMeasurePrice>
      <AllowDiscount>1</AllowDiscount>
      <ItemStatus>1</ItemStatus>
    </Item>
    <Item>
      <PriceUpdateDate>2020-10-10 21:00</PriceUpdateDate>
      <ItemCode>3574661003917</ItemCode>
      <ItemType>1</ItemType>
      <ItemName>מי פה ליסטרין טוטל קר250</ItemName>
      <ManufacturerName>ג'\ונסון אנד ג'\ונסון</ManufacturerName>
      <ManufactureCountry>IT</ManufactureCountry>
      <ManufacturerItemDescription>מי פה ליסטרין</ManufacturerItemDescription>
      <UnitQty>מיליליטרים</UnitQty>
      <Quantity>250.00</Quantity>
      <bIsWeighted>0</bIsWeighted>
      <UnitOfMeasure>100 מ"ל</UnitOfMeasure>
      <QtyInPackage>0</QtyInPackage>
      <ItemPrice>15.90</ItemPrice>
      <UnitOfMeasurePrice>6.36</UnitOfMeasurePrice>
      <AllowDiscount>1</AllowDiscount>
      <ItemStatus>1</ItemStatus>
    </Item>
    <Item>
      <PriceUpdateDate>2020-01-20 00:14</PriceUpdateDate>
      <ItemCode>3574661003924</ItemCode>
      <ItemType>1</ItemType>
      <ItemName>ליסטרין טוטל קר500מל</ItemName>
      <ManufacturerName>ג'ונסון</ManufacturerName>
      <ManufactureCountry>IT</ManufactureCountry>
      <ManufacturerItemDescription>מי פה ליסטרין</ManufacturerItemDescription>
      <UnitQty>מיליליטרים</UnitQty>
      <Quantity>500.00</Quantity>
      <bIsWeighted>0</bIsWeighted>
      <UnitOfMeasure>100 מ"ל</UnitOfMeasure>
      <QtyInPackage>0</QtyInPackage>
      <ItemPrice>37.90</ItemPrice>
      <UnitOfMeasurePrice>7.58</UnitOfMeasurePrice>
      <AllowDiscount>1</AllowDiscount>
      <ItemStatus>1</ItemStatus>
    </Item>
    <Item>
      <PriceUpdateDate>2020-10-10 21:00</PriceUpdateDate>
      <ItemCode>3574661114620</ItemCode>
      <ItemType>1</ItemType>
      <ItemName>ליסטרין זירו 250 מ"ל</ItemName>
      <ManufacturerName>ג'\ונסון אנד ג'\ונסון</ManufacturerName>
      <ManufactureCountry>IT</ManufactureCountry>
      <ManufacturerItemDescription>מי פה ליסטרין</ManufacturerItemDescription>
      <UnitQty>מיליליטרים</UnitQty>
      <Quantity>250.00</Quantity>
      <bIsWeighted>0</bIsWeighted>
      <UnitOfMeasure>100 מ"ל</UnitOfMeasure>
      <QtyInPackage>0</QtyInPackage>
      <ItemPrice>13.90</ItemPrice>
      <UnitOfMeasurePrice>5.56</UnitOfMeasurePrice>
      <AllowDiscount>1</AllowDiscount>
      <ItemStatus>1</ItemStatus>
    </Item>
    <Item>
      <PriceUpdateDate>2020-01-20 00:14</PriceUpdateDate>
      <ItemCode>3574661114637</ItemCode>
      <ItemType>1</ItemType>
      <ItemName>ליסטרין זירו 500 מ"ל</ItemName>
      <ManufacturerName>ג'ונסון</ManufacturerName>
      <ManufactureCountry>IT</ManufactureCountry>
      <ManufacturerItemDescription>מי פה ליסטרין</ManufacturerItemDescription>
      <UnitQty>מיליליטרים</UnitQty>
      <Quantity>500.00</Quantity>
      <bIsWeighted>0</bIsWeighted>
      <UnitOfMeasure>100 מ"ל</UnitOfMeasure>
      <QtyInPackage>1</QtyInPackage>
      <ItemPrice>29.90</ItemPrice>
      <UnitOfMeasurePrice>5.98</UnitOfMeasurePrice>
      <AllowDiscount>1</AllowDiscount>
      <ItemStatus>1</ItemStatus>
    </Item>
    <Item>
      <PriceUpdateDate>2020-10-10 21:00</PriceUpdateDate>
      <ItemCode>3574661184159</ItemCode>
      <ItemType>1</ItemType>
      <ItemName>תחליב גוף שיאה שקד 400מל</ItemName>
      <ManufacturerName>---</ManufacturerName>
      <ManufactureCountry>IT</ManufactureCountry>
      <ManufacturerItemDescription>תחליב גוף</ManufacturerItemDescription>
      <UnitQty>מיליליטרים</UnitQty>
      <Quantity>400.00</Quantity>
      <bIsWeighted>0</bIsWeighted>
      <UnitOfMeasure>100 מ"ל</UnitOfMeasure>
      <QtyInPackage>1</QtyInPackage>
      <ItemPrice>12.90</ItemPrice>
      <UnitOfMeasurePrice>3.23</UnitOfMeasurePrice>
      <AllowDiscount>1</AllowDiscount>
      <ItemStatus>1</ItemStatus>
    </Item>
    <Item>
      <PriceUpdateDate>2020-07-16 10:02</PriceUpdateDate>
      <ItemCode>3574661200019</ItemCode>
      <ItemType>1</ItemType>
      <ItemName>תח.ניוטרוג'ינה ויזבלי400</ItemName>
      <ManufacturerName>ג'ונסון</ManufacturerName>
      <ManufactureCountry>GR</ManufactureCountry>
      <ManufacturerItemDescription>תחליב גוף</ManufacturerItemDescription>
      <UnitQty>מיליליטרים</UnitQty>
      <Quantity>400.00</Quantity>
      <bIsWeighted>0</bIsWeighted>
      <UnitOfMeasure>100 מ"ל</UnitOfMeasure>
      <QtyInPackage>1</QtyInPackage>
      <ItemPrice>29.90</ItemPrice>
      <UnitOfMeasurePrice>7.48</UnitOfMeasurePrice>
      <AllowDiscount>1</AllowDiscount>
      <ItemStatus>1</ItemStatus>
    </Item>
    <Item>
      <PriceUpdateDate>2020-10-10 21:00</PriceUpdateDate>
      <ItemCode>3574661248301</ItemCode>
      <ItemType>1</ItemType>
      <ItemName>מי פה ליסטרין אדוונס 250</ItemName>
      <ManufacturerName>ג'\ונסון אנד ג'\ונסון</ManufacturerName>
      <ManufactureCountry>IT</ManufactureCountry>
      <ManufacturerItemDescription>מי פה ליסטרין אד</ManufacturerItemDescription>
      <UnitQty>מיליליטרים</UnitQty>
      <Quantity>250.00</Quantity>
      <bIsWeighted>0</bIsWeighted>
      <UnitOfMeasure>100 מ"ל</UnitOfMeasure>
      <QtyInPackage>1</QtyInPackage>
      <ItemPrice>15.90</ItemPrice>
      <UnitOfMeasurePrice>6.36</UnitOfMeasurePrice>
      <AllowDiscount>1</AllowDiscount>
      <ItemStatus>1</ItemStatus>
    </Item>
    <Item>
      <PriceUpdateDate>2020-01-20 00:14</PriceUpdateDate>
      <ItemCode>3574661248318</ItemCode>
      <ItemType>1</ItemType>
      <ItemName>מי פה ליסטרין אדוונס500מ</ItemName>
      <ManufacturerName>ג'ונסון</ManufacturerName>
      <ManufactureCountry>IT</ManufactureCountry>
      <ManufacturerItemDescription>מי פה ליסטרין</ManufacturerItemDescription>
      <UnitQty>מיליליטרים</UnitQty>
      <Quantity>500.00</Quantity>
      <bIsWeighted>0</bIsWeighted>
      <UnitOfMeasure>100 מ"ל</UnitOfMeasure>
      <QtyInPackage>1</QtyInPackage>
      <ItemPrice>37.90</ItemPrice>
      <UnitOfMeasurePrice>7.58</UnitOfMeasurePrice>
      <AllowDiscount>1</AllowDiscount>
      <ItemStatus>1</ItemStatus>
    </Item>
    <Item>
      <PriceUpdateDate>2020-01-20 00:13</PriceUpdateDate>
      <ItemCode>3574661333564</ItemCode>
      <ItemType>1</ItemType>
      <ItemName>ויזבל קליר תרחיץ יומי200</ItemName>
      <ManufacturerName>ג'ונסון</ManufacturerName>
      <ManufactureCountry>FR</ManufactureCountry>
      <ManufacturerItemDescription>תרחיץ יומי</ManufacturerItemDescription>
      <UnitQty>מיליליטרים</UnitQty>
      <Quantity>200.00</Quantity>
      <bIsWeighted>0</bIsWeighted>
      <UnitOfMeasure>100 מ"ל</UnitOfMeasure>
      <QtyInPackage>1</QtyInPackage>
      <ItemPrice>58.90</ItemPrice>
      <UnitOfMeasurePrice>29.45</UnitOfMeasurePrice>
      <AllowDiscount>1</AllowDiscount>
      <ItemStatus>1</ItemStatus>
    </Item>
    <Item>
      <PriceUpdateDate>2020-10-10 21:00</PriceUpdateDate>
      <ItemCode>3574661352275</ItemCode>
      <ItemType>1</ItemType>
      <ItemName>מי פה ליסטרין ילדים 250מ</ItemName>
      <ManufacturerName>ג'\ונסון אנד ג'\ונסון</ManufacturerName>
      <ManufactureCountry>IL</ManufactureCountry>
      <ManufacturerItemDescription>מי פה ליסטרין</ManufacturerItemDescription>
      <UnitQty>מיליליטרים</UnitQty>
      <Quantity>250.00</Quantity>
      <bIsWeighted>0</bIsWeighted>
      <UnitOfMeasure>100 מ"ל</UnitOfMeasure>
      <QtyInPackage>1</QtyInPackage>
      <ItemPrice>13.90</ItemPrice>
      <UnitOfMeasurePrice>5.56</UnitOfMeasurePrice>
      <AllowDiscount>1</AllowDiscount>
      <ItemStatus>1</ItemStatus>
    </Item>
    <Item>
      <PriceUpdateDate>2020-10-10 21:00</PriceUpdateDate>
      <ItemCode>3574661353524</ItemCode>
      <ItemType>1</ItemType>
      <ItemName>ג'ל רחצה עדין נ. תות650מ</ItemName>
      <ManufacturerName>---</ManufacturerName>
      <ManufactureCountry>IT</ManufactureCountry>
      <ManufacturerItemDescription>ג'ל רחצה עדין</ManufacturerItemDescription>
      <UnitQty>מיליליטרים</UnitQty>
      <Quantity>650.00</Quantity>
      <bIsWeighted>0</bIsWeighted>
      <UnitOfMeasure>100 מ"ל</UnitOfMeasure>
      <QtyInPackage>1</QtyInPackage>
      <ItemPrice>10.00</ItemPrice>
      <UnitOfMeasurePrice>1.54</UnitOfMeasurePrice>
      <AllowDiscount>1</AllowDiscount>
      <ItemStatus>1</ItemStatus>
    </Item>
    <Item>
      <PriceUpdateDate>2020-10-10 21:00</PriceUpdateDate>
      <ItemCode>3574661363981</ItemCode>
      <ItemType>1</ItemType>
      <ItemName>ליסטרין גרין תה 250 מ"ל</ItemName>
      <ManufacturerName>ג'\ונסון אנד ג'\ונסון</ManufacturerName>
      <ManufactureCountry>IT</ManufactureCountry>
      <ManufacturerItemDescription>מי פה ליסטרין גר</ManufacturerItemDescription>
      <UnitQty>מיליליטרים</UnitQty>
      <Quantity>250.00</Quantity>
      <bIsWeighted>0</bIsWeighted>
      <UnitOfMeasure>100 מ"ל</UnitOfMeasure>
      <QtyInPackage>1</QtyInPackage>
      <ItemPrice>15.90</ItemPrice>
      <UnitOfMeasurePrice>6.36</UnitOfMeasurePrice>
      <AllowDiscount>1</AllowDiscount>
      <ItemStatus>1</ItemStatus>
    </Item>
    <Item>
      <PriceUpdateDate>2020-01-20 00:21</PriceUpdateDate>
      <ItemCode>3574661425139</ItemCode>
      <ItemType>1</ItemType>
      <ItemName>ג'ונסון בייבי ק.החתלה100</ItemName>
      <ManufacturerName>ג'ונסון</ManufacturerName>
      <ManufactureCountry>IT</ManufactureCountry>
      <ManufacturerItemDescription>קרם החתלה</ManufacturerItemDescription>
      <UnitQty>מיליליטרים</UnitQty>
      <Quantity>100.00</Quantity>
      <bIsWeighted>0</bIsWeighted>
      <UnitOfMeasure>100 מ"ל</UnitOfMeasure>
      <QtyInPackage>1</QtyInPackage>
      <ItemPrice>16.90</ItemPrice>
      <UnitOfMeasurePrice>16.90</UnitOfMeasurePrice>
      <AllowDiscount>1</AllowDiscount>
      <ItemStatus>1</ItemStatus>
    </Item>
    <Item>
      <PriceUpdateDate>2020-01-20 00:21</PriceUpdateDate>
      <ItemCode>3574661428055</ItemCode>
      <ItemType>1</ItemType>
      <ItemName>ג'ונסון תחליב מ.כותנה500</ItemName>
      <ManufacturerName>ג'ונסון</ManufacturerName>
      <ManufactureCountry>IT</ManufactureCountry>
      <ManufacturerItemDescription>ג'ונסון תחליב</ManufacturerItemDescription>
      <UnitQty>מיליליטרים</UnitQty>
      <Quantity>500.00</Quantity>
      <bIsWeighted>0</bIsWeighted>
      <UnitOfMeasure>100 מ"ל</UnitOfMeasure>
      <QtyInPackage>1</QtyInPackage>
      <ItemPrice>33.90</ItemPrice>
      <UnitOfMeasurePrice>6.78</UnitOfMeasurePrice>
      <AllowDiscount>1</AllowDiscount>
      <ItemStatus>1</ItemStatus>
    </Item>
    <Item>
      <PriceUpdateDate>2020-01-20 00:13</PriceUpdateDate>
      <ItemCode>3574661450551</ItemCode>
      <ItemType>1</ItemType>
      <ItemName>דיטוקס מים מיסלריים400מל</ItemName>
      <ManufacturerName>כללי</ManufacturerName>
      <ManufactureCountry>FR</ManufactureCountry>
      <ManufacturerItemDescription>דיטוקס מים מיסלר</ManufacturerItemDescription>
      <UnitQty>מיליליטרים</UnitQty>
      <Quantity>400.00</Quantity>
      <bIsWeighted>0</bIsWeighted>
      <UnitOfMeasure>100 מ"ל</UnitOfMeasure>
      <QtyInPackage>1</QtyInPackage>
      <ItemPrice>49.90</ItemPrice>
      <UnitOfMeasurePrice>12.48</UnitOfMeasurePrice>
      <AllowDiscount>1</AllowDiscount>
      <ItemStatus>1</ItemStatus>
    </Item>
    <Item>
      <PriceUpdateDate>2020-10-10 21:00</PriceUpdateDate>
      <ItemCode>3574661487328</ItemCode>
      <ItemType>1</ItemType>
      <ItemName>מגן תחתון קרפרי 56 יח'</ItemName>
      <ManufacturerName>ג'\ונסון אנד ג'\ונסון</ManufacturerName>
      <ManufactureCountry>GR</ManufactureCountry>
      <ManufacturerItemDescription>מגני תחתון קרפרי</ManufacturerItemDescription>
      <UnitQty>יחידה</UnitQty>
      <Quantity>1.00</Quantity>
      <bIsWeighted>0</bIsWeighted>
      <UnitOfMeasure>יחידה</UnitOfMeasure>
      <QtyInPackage>1</QtyInPackage>
      <ItemPrice>12.90</ItemPrice>
      <UnitOfMeasurePrice>12.90</UnitOfMeasurePrice>
      <AllowDiscount>1</AllowDiscount>
      <ItemStatus>1</ItemStatus>
    </Item>
    <Item>
      <PriceUpdateDate>2020-10-10 21:00</PriceUpdateDate>
      <ItemCode>3574661487618</ItemCode>
      <ItemType>1</ItemType>
      <ItemName>קרפרי מגן מקסי מבושם48יח</ItemName>
      <ManufacturerName>ג'\ונסון אנד ג'\ונסון</ManufacturerName>
      <ManufactureCountry>GR</ManufactureCountry>
      <ManufacturerItemDescription>קרפרי מגני תחתון</ManufacturerItemDescription>
      <UnitQty>יחידה</UnitQty>
      <Quantity>1.00</Quantity>
      <bIsWeighted>0</bIsWeighted>
      <UnitOfMeasure>יחידה</UnitOfMeasure>
      <QtyInPackage>1</QtyInPackage>
      <ItemPrice>12.90</ItemPrice>
      <UnitOfMeasurePrice>12.90</UnitOfMeasurePrice>
      <AllowDiscount>1</AllowDiscount>
      <ItemStatus>1</ItemStatus>
    </Item>
    <Item>
      <PriceUpdateDate>2020-10-10 21:00</PriceUpdateDate>
      <ItemCode>3574661487625</ItemCode>
      <ItemType>1</ItemType>
      <ItemName>קרפרי 48מגן תחתון מקסיL</ItemName>
      <ManufacturerName>ג'\ונסון אנד ג'\ונסון</ManufacturerName>
      <ManufactureCountry>GR</ManufactureCountry>
      <ManufacturerItemDescription>מגן תחתון קרפרי</ManufacturerItemDescription>
      <UnitQty>יחידה</UnitQty>
      <Quantity>1.00</Quantity>
      <bIsWeighted>0</bIsWeighted>
      <UnitOfMeasure>יחידה</UnitOfMeasure>
      <QtyInPackage>1</QtyInPackage>
      <ItemPrice>12.90</ItemPrice>
      <UnitOfMeasurePrice>12.90</UnitOfMeasurePrice>
      <AllowDiscount>1</AllowDiscount>
      <ItemStatus>1</ItemStatus>
    </Item>
    <Item>
      <PriceUpdateDate>2020-10-10 21:00</PriceUpdateDate>
      <ItemCode>3574661500355</ItemCode>
      <ItemType>1</ItemType>
      <ItemName>מגן קרפרי לונג רגיל 40יח</ItemName>
      <ManufacturerName>ג'ונסון</ManufacturerName>
      <ManufactureCountry>GR</ManufactureCountry>
      <ManufacturerItemDescription>מגני תחתון קרפרי</ManufacturerItemDescription>
      <UnitQty>יחידה</UnitQty>
      <Quantity>1.00</Quantity>
      <bIsWeighted>0</bIsWeighted>
      <UnitOfMeasure>יחידה</UnitOfMeasure>
      <QtyInPackage>1</QtyInPackage>
      <ItemPrice>12.90</ItemPrice>
      <UnitOfMeasurePrice>12.90</UnitOfMeasurePrice>
      <AllowDiscount>1</AllowDiscount>
      <ItemStatus>1</ItemStatus>
    </Item>
    <Item>
      <PriceUpdateDate>2020-01-20 00:14</PriceUpdateDate>
      <ItemCode>3574661504162</ItemCode>
      <ItemType>1</ItemType>
      <ItemName>מוס לשטיפה אינטימית150מל</ItemName>
      <ManufacturerName>קולגייט פלמוליב</ManufacturerName>
      <ManufactureCountry>IT</ManufactureCountry>
      <ManufacturerItemDescription>שטיפה אינטימית</ManufacturerItemDescription>
      <UnitQty>מיליליטרים</UnitQty>
      <Quantity>150.00</Quantity>
      <bIsWeighted>0</bIsWeighted>
      <UnitOfMeasure>100 מ"ל</UnitOfMeasure>
      <QtyInPackage>1</QtyInPackage>
      <ItemPrice>19.90</ItemPrice>
      <UnitOfMeasurePrice>13.27</UnitOfMeasurePrice>
      <AllowDiscount>1</AllowDiscount>
      <ItemStatus>1</ItemStatus>
    </Item>
    <Item>
      <PriceUpdateDate>2020-10-10 21:00</PriceUpdateDate>
      <ItemCode>3574661552576</ItemCode>
      <ItemType>1</ItemType>
      <ItemName>56 קרפרי מגן רגיל טנגו</ItemName>
      <ManufacturerName>ג'\ונסון אנד ג'\ונסון</ManufacturerName>
      <ManufactureCountry>GR</ManufactureCountry>
      <ManufacturerItemDescription>מגני תחתון קרפרי</ManufacturerItemDescription>
      <UnitQty>יחידה</UnitQty>
      <Quantity>1.00</Quantity>
      <bIsWeighted>0</bIsWeighted>
      <UnitOfMeasure>יחידה</UnitOfMeasure>
      <QtyInPackage>1</QtyInPackage>
      <ItemPrice>12.90</ItemPrice>
      <UnitOfMeasurePrice>12.90</UnitOfMeasurePrice>
      <AllowDiscount>1</AllowDiscount>
      <ItemStatus>1</ItemStatus>
    </Item>
    <Item>
      <PriceUpdateDate>2020-10-10 21:00</PriceUpdateDate>
      <ItemCode>3574661552804</ItemCode>
      <ItemType>1</ItemType>
      <ItemName>56קרפרי מגן תחתון אלוורה</ItemName>
      <ManufacturerName>ג'\ונסון אנד ג'\ונסון</ManufacturerName>
      <ManufactureCountry>GR</ManufactureCountry>
      <ManufacturerItemDescription>מגני תחתון קרפרי</ManufacturerItemDescription>
      <UnitQty>יחידה</UnitQty>
      <Quantity>1.00</Quantity>
      <bIsWeighted>0</bIsWeighted>
      <UnitOfMeasure>יחידה</UnitOfMeasure>
      <QtyInPackage>1</QtyInPackage>
      <ItemPrice>12.90</ItemPrice>
      <UnitOfMeasurePrice>12.90</UnitOfMeasurePrice>
      <AllowDiscount>1</AllowDiscount>
      <ItemStatus>1</ItemStatus>
    </Item>
    <Item>
      <PriceUpdateDate>2020-10-10 21:00</PriceUpdateDate>
      <ItemCode>3574661552811</ItemCode>
      <ItemType>1</ItemType>
      <ItemName>קרפרי כותון אוורירי 56יח</ItemName>
      <ManufacturerName>ג'\ונסון אנד ג'\ונסון</ManufacturerName>
      <ManufactureCountry>GR</ManufactureCountry>
      <ManufacturerItemDescription>מגן תחתון קרפרי</ManufacturerItemDescription>
      <UnitQty>יחידה</UnitQty>
      <Quantity>1.00</Quantity>
      <bIsWeighted>0</bIsWeighted>
      <UnitOfMeasure>יחידה</UnitOfMeasure>
      <QtyInPackage>1</QtyInPackage>
      <ItemPrice>12.90</ItemPrice>
      <UnitOfMeasurePrice>12.90</UnitOfMeasurePrice>
      <AllowDiscount>1</AllowDiscount>
      <ItemStatus>1</ItemStatus>
    </Item>
    <Item>
      <PriceUpdateDate>2020-10-10 21:00</PriceUpdateDate>
      <ItemCode>3574661554877</ItemCode>
      <ItemType>1</ItemType>
      <ItemName>קרפרי כותון מבושם 56 יחי</ItemName>
      <ManufacturerName>ש. שסטוביץ בע"\מ</ManufacturerName>
      <ManufactureCountry>GR</ManufactureCountry>
      <ManufacturerItemDescription>מגני תחתון קרפרי</ManufacturerItemDescription>
      <UnitQty>יחידה</UnitQty>
      <Quantity>1.00</Quantity>
      <bIsWeighted>0</bIsWeighted>
      <UnitOfMeasure>יחידה</UnitOfMeasure>
      <QtyInPackage>1</QtyInPackage>
      <ItemPrice>12.90</ItemPrice>
      <UnitOfMeasurePrice>12.90</UnitOfMeasurePrice>
      <AllowDiscount>1</AllowDiscount>
      <ItemStatus>1</ItemStatus>
    </Item>
    <Item>
      <PriceUpdateDate>2020-10-10 21:00</PriceUpdateDate>
      <ItemCode>3574661554884</ItemCode>
      <ItemType>1</ItemType>
      <ItemName>56קרפרי רגיל טנגה ריחני</ItemName>
      <ManufacturerName>ג'\ונסון אנד ג'\ונסון</ManufacturerName>
      <ManufactureCountry>GR</ManufactureCountry>
      <ManufacturerItemDescription>מגני תחתון קרפרי</ManufacturerItemDescription>
      <UnitQty>יחידה</UnitQty>
      <Quantity>1.00</Quantity>
      <bIsWeighted>0</bIsWeighted>
      <UnitOfMeasure>יחידה</UnitOfMeasure>
      <QtyInPackage>1</QtyInPackage>
      <ItemPrice>12.90</ItemPrice>
      <UnitOfMeasurePrice>12.90</UnitOfMeasurePrice>
      <AllowDiscount>1</AllowDiscount>
      <ItemStatus>1</ItemStatus>
    </Item>
    <Item>
      <PriceUpdateDate>2020-01-20 00:21</PriceUpdateDate>
      <ItemCode>3574669907682</ItemCode>
      <ItemType>1</ItemType>
      <ItemName>ג'ונסון בייבי טלק 500 גר</ItemName>
      <ManufacturerName>ג'ונסון</ManufacturerName>
      <ManufactureCountry>IT</ManufactureCountry>
      <ManufacturerItemDescription>טלק ג'ונסון</ManufacturerItemDescription>
      <UnitQty>גרמים</UnitQty>
      <Quantity>500.00</Quantity>
      <bIsWeighted>0</bIsWeighted>
      <UnitOfMeasure>100 גרם</UnitOfMeasure>
      <QtyInPackage>1</QtyInPackage>
      <ItemPrice>33.90</ItemPrice>
      <UnitOfMeasurePrice>6.78</UnitOfMeasurePrice>
      <AllowDiscount>1</AllowDiscount>
      <ItemStatus>1</ItemStatus>
    </Item>
    <Item>
      <PriceUpdateDate>2020-01-20 00:21</PriceUpdateDate>
      <ItemCode>3574669907972</ItemCode>
      <ItemType>1</ItemType>
      <ItemName>ג'ונסון שמפו ברק 750מל</ItemName>
      <ManufacturerName>ג'ונסון</ManufacturerName>
      <ManufactureCountry>IT</ManufactureCountry>
      <ManufacturerItemDescription>ג'ונסון שמפו</ManufacturerItemDescription>
      <UnitQty>מיליליטרים</UnitQty>
      <Quantity>750.00</Quantity>
      <bIsWeighted>0</bIsWeighted>
      <UnitOfMeasure>100 מ"ל</UnitOfMeasure>
      <QtyInPackage>1</QtyInPackage>
      <ItemPrice>28.90</ItemPrice>
      <UnitOfMeasurePrice>3.85</UnitOfMeasurePrice>
      <AllowDiscount>1</AllowDiscount>
      <ItemStatus>1</ItemStatus>
    </Item>
    <Item>
      <PriceUpdateDate>2020-01-20 00:21</PriceUpdateDate>
      <ItemCode>3574669908443</ItemCode>
      <ItemType>1</ItemType>
      <ItemName>ג'ונסון אלסבון וקצף 750מ</ItemName>
      <ManufacturerName>ג'ונסון</ManufacturerName>
      <ManufactureCountry>IT</ManufactureCountry>
      <ManufacturerItemDescription>ג'ונסון אל סבון</ManufacturerItemDescription>
      <UnitQty>מיליליטרים</UnitQty>
      <Quantity>750.00</Quantity>
      <bIsWeighted>0</bIsWeighted>
      <UnitOfMeasure>100 מ"ל</UnitOfMeasure>
      <QtyInPackage>1</QtyInPackage>
      <ItemPrice>24.90</ItemPrice>
      <UnitOfMeasurePrice>3.32</UnitOfMeasurePrice>
      <AllowDiscount>1</AllowDiscount>
      <ItemStatus>1</ItemStatus>
    </Item>
    <Item>
      <PriceUpdateDate>2020-01-20 00:21</PriceUpdateDate>
      <ItemCode>3574669909204</ItemCode>
      <ItemType>1</ItemType>
      <ItemName>ג'ונסון בייבי שמן 300 מל</ItemName>
      <ManufacturerName>ג'ונסון</ManufacturerName>
      <ManufactureCountry>IT</ManufactureCountry>
      <ManufacturerItemDescription>שמן ג'ונסון</ManufacturerItemDescription>
      <UnitQty>מיליליטרים</UnitQty>
      <Quantity>300.00</Quantity>
      <bIsWeighted>0</bIsWeighted>
      <UnitOfMeasure>100 מ"ל</UnitOfMeasure>
      <QtyInPackage>1</QtyInPackage>
      <ItemPrice>24.90</ItemPrice>
      <UnitOfMeasurePrice>8.30</UnitOfMeasurePrice>
      <AllowDiscount>1</AllowDiscount>
      <ItemStatus>1</ItemStatus>
    </Item>
    <Item>
      <PriceUpdateDate>2020-08-14 05:43</PriceUpdateDate>
      <ItemCode>3595471061195</ItemCode>
      <ItemType>1</ItemType>
      <ItemName>מרצדס מן אדט  30 מ"ל</ItemName>
      <ManufacturerName>כללי</ManufacturerName>
      <ManufactureCountry>IL</ManufactureCountry>
      <ManufacturerItemDescription>מרצדס מן 30 מ"ל</ManufacturerItemDescription>
      <UnitQty>מיליליטרים</UnitQty>
      <Quantity>30.00</Quantity>
      <bIsWeighted>0</bIsWeighted>
      <UnitOfMeasure>100 מ"ל</UnitOfMeasure>
      <QtyInPackage>1</QtyInPackage>
      <ItemPrice>79.90</ItemPrice>
      <UnitOfMeasurePrice>266.33</UnitOfMeasurePrice>
      <AllowDiscount>1</AllowDiscount>
      <ItemStatus>1</ItemStatus>
    </Item>
    <Item>
      <PriceUpdateDate>2020-10-10 20:20</PriceUpdateDate>
      <ItemCode>3600010018278</ItemCode>
      <ItemType>1</ItemType>
      <ItemName>PURE מי פנים</ItemName>
      <ManufacturerName>גרנייה-קוסמטיקה</ManufacturerName>
      <ManufactureCountry>PL</ManufactureCountry>
      <ManufacturerItemDescription>PURE מי פנים</ManufacturerItemDescription>
      <UnitQty>מיליליטרים</UnitQty>
      <Quantity>200.00</Quantity>
      <bIsWeighted>0</bIsWeighted>
      <UnitOfMeasure>100 מ"ל</UnitOfMeasure>
      <QtyInPackage>0</QtyInPackage>
      <ItemPrice>29.90</ItemPrice>
      <UnitOfMeasurePrice>14.95</UnitOfMeasurePrice>
      <AllowDiscount>1</AllowDiscount>
      <ItemStatus>1</ItemStatus>
    </Item>
    <Item>
      <PriceUpdateDate>2020-01-20 00:21</PriceUpdateDate>
      <ItemCode>36000516876</ItemCode>
      <ItemType>1</ItemType>
      <ItemName>קלינקס לושן 3 שכבות 75יח</ItemName>
      <ManufacturerName>חוגלה קימברלי</ManufacturerName>
      <ManufactureCountry>US</ManufactureCountry>
      <ManufacturerItemDescription>קלינקס לושן</ManufacturerItemDescription>
      <UnitQty>יחידה</UnitQty>
      <Quantity>1.00</Quantity>
      <bIsWeighted>0</bIsWeighted>
      <UnitOfMeasure>יחידה</UnitOfMeasure>
      <QtyInPackage>1</QtyInPackage>
      <ItemPrice>12.90</ItemPrice>
      <UnitOfMeasurePrice>12.90</UnitOfMeasurePrice>
      <AllowDiscount>1</AllowDiscount>
      <ItemStatus>1</ItemStatus>
    </Item>
    <Item>
      <PriceUpdateDate>2020-10-10 19:40</PriceUpdateDate>
      <ItemCode>36000516890</ItemCode>
      <ItemType>1</ItemType>
      <ItemName>קלינקס לושן 3 שכבות120יח</ItemName>
      <ManufacturerName>חוגלה קימברלי</ManufacturerName>
      <ManufactureCountry>US</ManufactureCountry>
      <ManufacturerItemDescription>קלינקס לושן</ManufacturerItemDescription>
      <UnitQty>יחידה</UnitQty>
      <Quantity>1.00</Quantity>
      <bIsWeighted>0</bIsWeighted>
      <UnitOfMeasure>יחידה</UnitOfMeasure>
      <QtyInPackage>1</QtyInPackage>
      <ItemPrice>14.90</ItemPrice>
      <UnitOfMeasurePrice>14.90</UnitOfMeasurePrice>
      <AllowDiscount>1</AllowDiscount>
      <ItemStatus>1</ItemStatus>
    </Item>
    <Item>
      <PriceUpdateDate>2020-10-10 20:20</PriceUpdateDate>
      <ItemCode>3600520881799</ItemCode>
      <ItemType>1</ItemType>
      <ItemName>TELESCOPIC מסקרה שחורה</ItemName>
      <ManufacturerName>לוריאל</ManufacturerName>
      <ManufactureCountry>IT</ManufactureCountry>
      <ManufacturerItemDescription>TELESCOPIC מסקרה</ManufacturerItemDescription>
      <UnitQty>יחידה</UnitQty>
      <Quantity>1.00</Quantity>
      <bIsWeighted>0</bIsWeighted>
      <UnitOfMeasure>יחידה</UnitOfMeasure>
      <QtyInPackage>0</QtyInPackage>
      <ItemPrice>39.90</ItemPrice>
      <UnitOfMeasurePrice>39.90</UnitOfMeasurePrice>
      <AllowDiscount>1</AllowDiscount>
      <ItemStatus>1</ItemStatus>
    </Item>
    <Item>
      <PriceUpdateDate>2020-02-23 15:00</PriceUpdateDate>
      <ItemCode>3600520932897</ItemCode>
      <ItemType>1</ItemType>
      <ItemName>פודרה טארו מאץ N4</ItemName>
      <ManufacturerName>סייפו</ManufacturerName>
      <ManufactureCountry>IT</ManufactureCountry>
      <ManufacturerItemDescription>פודרה טארו מאץ</ManufacturerItemDescription>
      <UnitQty>יחידה</UnitQty>
      <Quantity>1.00</Quantity>
      <bIsWeighted>0</bIsWeighted>
      <UnitOfMeasure>יחידה</UnitOfMeasure>
      <QtyInPackage>0</QtyInPackage>
      <ItemPrice>80.90</ItemPrice>
      <UnitOfMeasurePrice>80.90</UnitOfMeasurePrice>
      <AllowDiscount>1</AllowDiscount>
      <ItemStatus>1</ItemStatus>
    </Item>
    <Item>
      <PriceUpdateDate>2020-10-10 20:20</PriceUpdateDate>
      <ItemCode>3600521018095</ItemCode>
      <ItemType>1</ItemType>
      <ItemName>מסקרה ווליומיסים יח'</ItemName>
      <ManufacturerName>כללי</ManufacturerName>
      <ManufactureCountry>IL</ManufactureCountry>
      <ManufacturerItemDescription>מסקרה ווליומיסים</ManufacturerItemDescription>
      <UnitQty>יחידה</UnitQty>
      <Quantity>1.00</Quantity>
      <bIsWeighted>0</bIsWeighted>
      <UnitOfMeasure>יחידה</UnitOfMeasure>
      <QtyInPackage>1</QtyInPackage>
      <ItemPrice>29.90</ItemPrice>
      <UnitOfMeasurePrice>29.90</UnitOfMeasurePrice>
      <AllowDiscount>1</AllowDiscount>
      <ItemStatus>1</ItemStatus>
    </Item>
    <Item>
      <PriceUpdateDate>2020-10-10 21:30</PriceUpdateDate>
      <ItemCode>3600521094341</ItemCode>
      <ItemType>1</ItemType>
      <ItemName>קסטינג קרם גלוס מס200'</ItemName>
      <ManufacturerName>לוריאל פריז</ManufacturerName>
      <ManufactureCountry>BE</ManufactureCountry>
      <ManufacturerItemDescription>צבע שיער קסטינג</ManufacturerItemDescription>
      <UnitQty>יחידה</UnitQty>
      <Quantity>1.00</Quantity>
      <bIsWeighted>0</bIsWeighted>
      <UnitOfMeasure>יחידה</UnitOfMeasure>
      <QtyInPackage>0</QtyInPackage>
      <ItemPrice>33.90</ItemPrice>
      <UnitOfMeasurePrice>33.90</UnitOfMeasurePrice>
      <AllowDiscount>1</AllowDiscount>
      <ItemStatus>1</ItemStatus>
    </Item>
    <Item>
      <PriceUpdateDate>2020-10-10 21:30</PriceUpdateDate>
      <ItemCode>3600521094358</ItemCode>
      <ItemType>1</ItemType>
      <ItemName>קסטינג קרם גלוס מס210'</ItemName>
      <ManufacturerName>לוריאל פריז</ManufacturerName>
      <ManufactureCountry>BE</ManufactureCountry>
      <ManufacturerItemDescription>צבע שיער קסטינג</ManufacturerItemDescription>
      <UnitQty>יחידה</UnitQty>
      <Quantity>1.00</Quantity>
      <bIsWeighted>0</bIsWeighted>
      <UnitOfMeasure>יחידה</UnitOfMeasure>
      <QtyInPackage>0</QtyInPackage>
      <ItemPrice>33.90</ItemPrice>
      <UnitOfMeasurePrice>33.90</UnitOfMeasurePrice>
      <AllowDiscount>1</AllowDiscount>
      <ItemStatus>1</ItemStatus>
    </Item>
    <Item>
      <PriceUpdateDate>2020-10-10 21:30</PriceUpdateDate>
      <ItemCode>3600521094365</ItemCode>
      <ItemType>1</ItemType>
      <ItemName>קסטינג קרם גלוס מס300'</ItemName>
      <ManufacturerName>לוריאל פריז</ManufacturerName>
      <ManufactureCountry>BE</ManufactureCountry>
      <ManufacturerItemDescription>צבע לשיער קסטינג</ManufacturerItemDescription>
      <UnitQty>יחידה</UnitQty>
      <Quantity>1.00</Quantity>
      <bIsWeighted>0</bIsWeighted>
      <UnitOfMeasure>יחידה</UnitOfMeasure>
      <QtyInPackage>0</QtyInPackage>
      <ItemPrice>33.90</ItemPrice>
      <UnitOfMeasurePrice>33.90</UnitOfMeasurePrice>
      <AllowDiscount>1</AllowDiscount>
      <ItemStatus>1</ItemStatus>
    </Item>
    <Item>
      <PriceUpdateDate>2020-10-10 21:30</PriceUpdateDate>
      <ItemCode>3600521094389</ItemCode>
      <ItemType>1</ItemType>
      <ItemName>קסטינג קרם גלוס מס400'</ItemName>
      <ManufacturerName>לוריאל פריז</ManufacturerName>
      <ManufactureCountry>BE</ManufactureCountry>
      <ManufacturerItemDescription>צבע שיער קסטינג</ManufacturerItemDescription>
      <UnitQty>יחידה</UnitQty>
      <Quantity>1.00</Quantity>
      <bIsWeighted>0</bIsWeighted>
      <UnitOfMeasure>יחידה</UnitOfMeasure>
      <QtyInPackage>0</QtyInPackage>
      <ItemPrice>33.90</ItemPrice>
      <UnitOfMeasurePrice>33.90</UnitOfMeasurePrice>
      <AllowDiscount>1</AllowDiscount>
      <ItemStatus>1</ItemStatus>
    </Item>
    <Item>
      <PriceUpdateDate>2020-10-10 21:30</PriceUpdateDate>
      <ItemCode>3600521094396</ItemCode>
      <ItemType>1</ItemType>
      <ItemName>קסטינג קרם גלוס מס 415</ItemName>
      <ManufacturerName>לוריאל פריז</ManufacturerName>
      <ManufactureCountry>BE</ManufactureCountry>
      <ManufacturerItemDescription>צבעי שיער קסטינג</ManufacturerItemDescription>
      <UnitQty>יחידה</UnitQty>
      <Quantity>1.00</Quantity>
      <bIsWeighted>0</bIsWeighted>
      <UnitOfMeasure>יחידה</UnitOfMeasure>
      <QtyInPackage>0</QtyInPackage>
      <ItemPrice>33.90</ItemPrice>
      <UnitOfMeasurePrice>33.90</UnitOfMeasurePrice>
      <AllowDiscount>1</AllowDiscount>
      <ItemStatus>1</ItemStatus>
    </Item>
    <Item>
      <PriceUpdateDate>2020-10-10 21:30</PriceUpdateDate>
      <ItemCode>3600521094471</ItemCode>
      <ItemType>1</ItemType>
      <ItemName>קסטינג קרס גלוס מס600'</ItemName>
      <ManufacturerName>לוריאל פריז</ManufacturerName>
      <ManufactureCountry>BE</ManufactureCountry>
      <ManufacturerItemDescription>צבע לשיער קסטינג</ManufacturerItemDescription>
      <UnitQty>יחידה</UnitQty>
      <Quantity>1.00</Quantity>
      <bIsWeighted>0</bIsWeighted>
      <UnitOfMeasure>יחידה</UnitOfMeasure>
      <QtyInPackage>0</QtyInPackage>
      <ItemPrice>33.90</ItemPrice>
      <UnitOfMeasurePrice>33.90</UnitOfMeasurePrice>
      <AllowDiscount>1</AllowDiscount>
      <ItemStatus>1</ItemStatus>
    </Item>
    <Item>
      <PriceUpdateDate>2020-10-10 21:30</PriceUpdateDate>
      <ItemCode>3600521366639</ItemCode>
      <ItemType>1</ItemType>
      <ItemName>קסטינג קרם גלוס מס 323</ItemName>
      <ManufacturerName>לוריאל פריז</ManufacturerName>
      <ManufactureCountry>BE</ManufactureCountry>
      <ManufacturerItemDescription>קסטינג קרם גלוס</ManufacturerItemDescription>
      <UnitQty>יחידה</UnitQty>
      <Quantity>1.00</Quantity>
      <bIsWeighted>0</bIsWeighted>
      <UnitOfMeasure>יחידה</UnitOfMeasure>
      <QtyInPackage>1</QtyInPackage>
      <ItemPrice>33.90</ItemPrice>
      <UnitOfMeasurePrice>33.90</UnitOfMeasurePrice>
      <AllowDiscount>1</AllowDiscount>
      <ItemStatus>1</ItemStatus>
    </Item>
    <Item>
      <PriceUpdateDate>2020-10-10 21:30</PriceUpdateDate>
      <ItemCode>3600521605936</ItemCode>
      <ItemType>1</ItemType>
      <ItemName>ג'ל גילוח לעור רגיש 200מ</ItemName>
      <ManufacturerName>SOPROCOS</ManufacturerName>
      <ManufactureCountry>FR</ManufactureCountry>
      <ManufacturerItemDescription>ג'ל גילוח אקספרט</ManufacturerItemDescription>
      <UnitQty>מיליליטרים</UnitQty>
      <Quantity>200.00</Quantity>
      <bIsWeighted>0</bIsWeighted>
      <UnitOfMeasure>100 מ"ל</UnitOfMeasure>
      <QtyInPackage>1</QtyInPackage>
      <ItemPrice>14.90</ItemPrice>
      <UnitOfMeasurePrice>7.45</UnitOfMeasurePrice>
      <AllowDiscount>1</AllowDiscount>
      <ItemStatus>1</ItemStatus>
    </Item>
    <Item>
      <PriceUpdateDate>2020-01-20 00:14</PriceUpdateDate>
      <ItemCode>3600521627402</ItemCode>
      <ItemType>1</ItemType>
      <ItemName>סומק 145 טרו מאץ</ItemName>
      <ManufacturerName>לוריאל</ManufacturerName>
      <ManufactureCountry>IT</ManufactureCountry>
      <ManufacturerItemDescription>סומק טרו מאץ</ManufacturerItemDescription>
      <UnitQty>יחידה</UnitQty>
      <Quantity>1.00</Quantity>
      <bIsWeighted>0</bIsWeighted>
      <UnitOfMeasure>יחידה</UnitOfMeasure>
      <QtyInPackage>1</QtyInPackage>
      <ItemPrice>56.90</ItemPrice>
      <UnitOfMeasurePrice>56.90</UnitOfMeasurePrice>
      <AllowDiscount>1</AllowDiscount>
      <ItemStatus>1</ItemStatus>
    </Item>
    <Item>
      <PriceUpdateDate>2020-02-23 15:00</PriceUpdateDate>
      <ItemCode>3600521663523</ItemCode>
      <ItemType>1</ItemType>
      <ItemName>EYELINER INFALLIBLEעפרון</ItemName>
      <ManufacturerName>שון סטבילו</ManufacturerName>
      <ManufactureCountry>DE</ManufactureCountry>
      <ManufacturerItemDescription>INFALLIBLE עפרון</ManufacturerItemDescription>
      <UnitQty>יחידה</UnitQty>
      <Quantity>1.00</Quantity>
      <bIsWeighted>0</bIsWeighted>
      <UnitOfMeasure>יחידה</UnitOfMeasure>
      <QtyInPackage>0</QtyInPackage>
      <ItemPrice>26.90</ItemPrice>
      <UnitOfMeasurePrice>26.90</UnitOfMeasurePrice>
      <AllowDiscount>1</AllowDiscount>
      <ItemStatus>1</ItemStatus>
    </Item>
    <Item>
      <PriceUpdateDate>2020-10-10 20:20</PriceUpdateDate>
      <ItemCode>3600521720219</ItemCode>
      <ItemType>1</ItemType>
      <ItemName>פעולה משולשת קרם לילה</ItemName>
      <ManufacturerName>קרלסרו, גרמניה</ManufacturerName>
      <ManufactureCountry>DE</ManufactureCountry>
      <ManufacturerItemDescription>קרם לילה</ManufacturerItemDescription>
      <UnitQty>מיליליטרים</UnitQty>
      <Quantity>50.00</Quantity>
      <bIsWeighted>0</bIsWeighted>
      <UnitOfMeasure>100 מ"ל</UnitOfMeasure>
      <QtyInPackage>0</QtyInPackage>
      <ItemPrice>44.90</ItemPrice>
      <UnitOfMeasurePrice>89.80</UnitOfMeasurePrice>
      <AllowDiscount>1</AllowDiscount>
      <ItemStatus>1</ItemStatus>
    </Item>
    <Item>
      <PriceUpdateDate>2020-10-10 20:20</PriceUpdateDate>
      <ItemCode>3600521877104</ItemCode>
      <ItemType>1</ItemType>
      <ItemName>מסקרה לאש ארכיטקט 4D</ItemName>
      <ManufacturerName>סייפו</ManufacturerName>
      <ManufactureCountry>IT</ManufactureCountry>
      <ManufacturerItemDescription>מסקרה לאש</ManufacturerItemDescription>
      <UnitQty>יחידה</UnitQty>
      <Quantity>1.00</Quantity>
      <bIsWeighted>0</bIsWeighted>
      <UnitOfMeasure>יחידה</UnitOfMeasure>
      <QtyInPackage>0</QtyInPackage>
      <ItemPrice>54.90</ItemPrice>
      <UnitOfMeasurePrice>54.90</UnitOfMeasurePrice>
      <AllowDiscount>1</AllowDiscount>
      <ItemStatus>1</ItemStatus>
    </Item>
    <Item>
      <PriceUpdateDate>2020-10-10 20:20</PriceUpdateDate>
      <ItemCode>3600521937259</ItemCode>
      <ItemType>1</ItemType>
      <ItemName>NOURISH קרם יום</ItemName>
      <ManufacturerName>קרלסרו, גרמניה</ManufacturerName>
      <ManufactureCountry>DE</ManufactureCountry>
      <ManufacturerItemDescription>NOURISH קרם יום</ManufacturerItemDescription>
      <UnitQty>מיליליטרים</UnitQty>
      <Quantity>50.00</Quantity>
      <bIsWeighted>0</bIsWeighted>
      <UnitOfMeasure>100 מ"ל</UnitOfMeasure>
      <QtyInPackage>0</QtyInPackage>
      <ItemPrice>44.90</ItemPrice>
      <UnitOfMeasurePrice>89.80</UnitOfMeasurePrice>
      <AllowDiscount>1</AllowDiscount>
      <ItemStatus>1</ItemStatus>
    </Item>
    <Item>
      <PriceUpdateDate>2020-10-10 21:30</PriceUpdateDate>
      <ItemCode>3600522022893</ItemCode>
      <ItemType>1</ItemType>
      <ItemName>אקסלנס בלונד מס9.3' יחיד</ItemName>
      <ManufacturerName>ליברמו</ManufacturerName>
      <ManufactureCountry>BE</ManufactureCountry>
      <ManufacturerItemDescription>אקסלנס</ManufacturerItemDescription>
      <UnitQty>יחידה</UnitQty>
      <Quantity>1.00</Quantity>
      <bIsWeighted>0</bIsWeighted>
      <UnitOfMeasure>יחידה</UnitOfMeasure>
      <QtyInPackage>0</QtyInPackage>
      <ItemPrice>33.90</ItemPrice>
      <UnitOfMeasurePrice>33.90</UnitOfMeasurePrice>
      <AllowDiscount>1</AllowDiscount>
      <ItemStatus>1</ItemStatus>
    </Item>
    <Item>
      <PriceUpdateDate>2020-02-23 15:00</PriceUpdateDate>
      <ItemCode>3600522025252</ItemCode>
      <ItemType>1</ItemType>
      <ItemName>LACQUER BLACK סופרליינר</ItemName>
      <ManufacturerName>לוריאל</ManufacturerName>
      <ManufactureCountry>IT</ManufactureCountry>
      <ManufacturerItemDescription>סופרליינר</ManufacturerItemDescription>
      <UnitQty>יחידה</UnitQty>
      <Quantity>1.00</Quantity>
      <bIsWeighted>0</bIsWeighted>
      <UnitOfMeasure>יחידה</UnitOfMeasure>
      <QtyInPackage>0</QtyInPackage>
      <ItemPrice>58.90</ItemPrice>
      <UnitOfMeasurePrice>58.90</UnitOfMeasurePrice>
      <AllowDiscount>1</AllowDiscount>
      <ItemStatus>1</ItemStatus>
    </Item>
    <Item>
      <PriceUpdateDate>2020-01-20 00:13</PriceUpdateDate>
      <ItemCode>3600522251750</ItemCode>
      <ItemType>1</ItemType>
      <ItemName>REVITALIFT קרם עיניים</ItemName>
      <ManufacturerName>אולניי</ManufacturerName>
      <ManufactureCountry>FR</ManufactureCountry>
      <ManufacturerItemDescription>קרם עיניים</ManufacturerItemDescription>
      <UnitQty>מיליליטרים</UnitQty>
      <Quantity>15.00</Quantity>
      <bIsWeighted>0</bIsWeighted>
      <UnitOfMeasure>100 מ"ל</UnitOfMeasure>
      <QtyInPackage>0</QtyInPackage>
      <ItemPrice>109.00</ItemPrice>
      <UnitOfMeasurePrice>726.67</UnitOfMeasurePrice>
      <AllowDiscount>1</AllowDiscount>
      <ItemStatus>1</ItemStatus>
    </Item>
    <Item>
      <PriceUpdateDate>2020-01-20 00:13</PriceUpdateDate>
      <ItemCode>3600522323297</ItemCode>
      <ItemType>1</ItemType>
      <ItemName>PERFECT AGE קרם יום</ItemName>
      <ManufacturerName>לוריאל פרודקשן דויטשלנד,</ManufacturerName>
      <ManufactureCountry>DE</ManufactureCountry>
      <ManufacturerItemDescription>PERFECT AGE קרם</ManufacturerItemDescription>
      <UnitQty>מיליליטרים</UnitQty>
      <Quantity>50.00</Quantity>
      <bIsWeighted>0</bIsWeighted>
      <UnitOfMeasure>100 מ"ל</UnitOfMeasure>
      <QtyInPackage>0</QtyInPackage>
      <ItemPrice>124.00</ItemPrice>
      <UnitOfMeasurePrice>248.00</UnitOfMeasurePrice>
      <AllowDiscount>1</AllowDiscount>
      <ItemStatus>1</ItemStatus>
    </Item>
    <Item>
      <PriceUpdateDate>2020-01-20 00:13</PriceUpdateDate>
      <ItemCode>3600522323303</ItemCode>
      <ItemType>1</ItemType>
      <ItemName>PERFECT AGE קרם לילה</ItemName>
      <ManufacturerName>לוריאל פרודקשן דויטשלנד,</ManufacturerName>
      <ManufactureCountry>DE</ManufactureCountry>
      <ManufacturerItemDescription>PERFECT AGE קרם</ManufacturerItemDescription>
      <UnitQty>מיליליטרים</UnitQty>
      <Quantity>50.00</Quantity>
      <bIsWeighted>0</bIsWeighted>
      <UnitOfMeasure>100 מ"ל</UnitOfMeasure>
      <QtyInPackage>0</QtyInPackage>
      <ItemPrice>124.00</ItemPrice>
      <UnitOfMeasurePrice>248.00</UnitOfMeasurePrice>
      <AllowDiscount>1</AllowDiscount>
      <ItemStatus>1</ItemStatus>
    </Item>
    <Item>
      <PriceUpdateDate>2020-10-10 21:30</PriceUpdateDate>
      <ItemCode>3600522344032</ItemCode>
      <ItemType>1</ItemType>
      <ItemName>מסכת אלביב טוטל ריפיר300</ItemName>
      <ManufacturerName>KARLSRUHE</ManufacturerName>
      <ManufactureCountry>DE</ManufactureCountry>
      <ManufacturerItemDescription>מסכת אלביב</ManufacturerItemDescription>
      <UnitQty>מיליליטרים</UnitQty>
      <Quantity>300.00</Quantity>
      <bIsWeighted>0</bIsWeighted>
      <UnitOfMeasure>100 מ"ל</UnitOfMeasure>
      <QtyInPackage>0</QtyInPackage>
      <ItemPrice>19.90</ItemPrice>
      <UnitOfMeasurePrice>6.63</UnitOfMeasurePrice>
      <AllowDiscount>1</AllowDiscount>
      <ItemStatus>1</ItemStatus>
    </Item>
    <Item>
      <PriceUpdateDate>2020-10-10 21:30</PriceUpdateDate>
      <ItemCode>3600522344155</ItemCode>
      <ItemType>1</ItemType>
      <ItemName>מסכה אלביב ארג'ינין</ItemName>
      <ManufacturerName>KARLSRUHE</ManufacturerName>
      <ManufactureCountry>DE</ManufactureCountry>
      <ManufacturerItemDescription>מסכת אלביב</ManufacturerItemDescription>
      <UnitQty>מיליליטרים</UnitQty>
      <Quantity>300.00</Quantity>
      <bIsWeighted>0</bIsWeighted>
      <UnitOfMeasure>100 מ"ל</UnitOfMeasure>
      <QtyInPackage>0</QtyInPackage>
      <ItemPrice>19.90</ItemPrice>
      <UnitOfMeasurePrice>6.63</UnitOfMeasurePrice>
      <AllowDiscount>1</AllowDiscount>
      <ItemStatus>1</ItemStatus>
    </Item>
    <Item>
      <PriceUpdateDate>2020-02-23 15:00</PriceUpdateDate>
      <ItemCode>3600522387459</ItemCode>
      <ItemType>1</ItemType>
      <ItemName>MEGA MANGA MISS  מסקרה</ItemName>
      <ManufacturerName>לוריאל</ManufacturerName>
      <ManufactureCountry>IT</ManufactureCountry>
      <ManufacturerItemDescription>מסקרה שחורה</ManufacturerItemDescription>
      <UnitQty>יחידה</UnitQty>
      <Quantity>1.00</Quantity>
      <bIsWeighted>0</bIsWeighted>
      <UnitOfMeasure>יחידה</UnitOfMeasure>
      <QtyInPackage>1</QtyInPackage>
      <ItemPrice>53.90</ItemPrice>
      <UnitOfMeasurePrice>53.90</UnitOfMeasurePrice>
      <AllowDiscount>1</AllowDiscount>
      <ItemStatus>1</ItemStatus>
    </Item>
    <Item>
      <PriceUpdateDate>2020-01-20 00:13</PriceUpdateDate>
      <ItemCode>3600522632436</ItemCode>
      <ItemType>1</ItemType>
      <ItemName>ק.לילה55 אייג ספשיאליסט</ItemName>
      <ManufacturerName>קרלסרו, גרמניה</ManufacturerName>
      <ManufactureCountry>DE</ManufactureCountry>
      <ManufacturerItemDescription>קרם לילה</ManufacturerItemDescription>
      <UnitQty>מיליליטרים</UnitQty>
      <Quantity>50.00</Quantity>
      <bIsWeighted>0</bIsWeighted>
      <UnitOfMeasure>100 מ"ל</UnitOfMeasure>
      <QtyInPackage>1</QtyInPackage>
      <ItemPrice>68.90</ItemPrice>
      <UnitOfMeasurePrice>137.80</UnitOfMeasurePrice>
      <AllowDiscount>1</AllowDiscount>
      <ItemStatus>1</ItemStatus>
    </Item>
    <Item>
      <PriceUpdateDate>2020-02-23 15:00</PriceUpdateDate>
      <ItemCode>3600522862437</ItemCode>
      <ItemType>1</ItemType>
      <ItemName>MATCH TRUE מייק אפ N6</ItemName>
      <ManufacturerName>לוריאל</ManufacturerName>
      <ManufactureCountry>FR</ManufactureCountry>
      <ManufacturerItemDescription>MATCH TRUE</ManufacturerItemDescription>
      <UnitQty>מיליליטרים</UnitQty>
      <Quantity>30.00</Quantity>
      <bIsWeighted>0</bIsWeighted>
      <UnitOfMeasure>100 מ"ל</UnitOfMeasure>
      <QtyInPackage>1</QtyInPackage>
      <ItemPrice>92.90</ItemPrice>
      <UnitOfMeasurePrice>309.67</UnitOfMeasurePrice>
      <AllowDiscount>1</AllowDiscount>
      <ItemStatus>1</ItemStatus>
    </Item>
    <Item>
      <PriceUpdateDate>2020-02-23 15:00</PriceUpdateDate>
      <ItemCode>3600522862475</ItemCode>
      <ItemType>1</ItemType>
      <ItemName>מייק אפ 30מל טרו מאץ C1</ItemName>
      <ManufacturerName>לוריאל</ManufacturerName>
      <ManufactureCountry>FR</ManufactureCountry>
      <ManufacturerItemDescription>מייק אפ</ManufacturerItemDescription>
      <UnitQty>מיליליטרים</UnitQty>
      <Quantity>3021.00</Quantity>
      <bIsWeighted>0</bIsWeighted>
      <UnitOfMeasure>100 מ"ל</UnitOfMeasure>
      <QtyInPackage>1</QtyInPackage>
      <ItemPrice>92.90</ItemPrice>
      <UnitOfMeasurePrice>3.08</UnitOfMeasurePrice>
      <AllowDiscount>1</AllowDiscount>
      <ItemStatus>1</ItemStatus>
    </Item>
    <Item>
      <PriceUpdateDate>2020-02-21 08:25</PriceUpdateDate>
      <ItemCode>3600522862482</ItemCode>
      <ItemType>1</ItemType>
      <ItemName>MATCH TRUE מייק אפ C2</ItemName>
      <ManufacturerName>לוריאל</ManufacturerName>
      <ManufactureCountry>FR</ManufactureCountry>
      <ManufacturerItemDescription>מייק אפ C2</ManufacturerItemDescription>
      <UnitQty>מיליליטרים</UnitQty>
      <Quantity>30.00</Quantity>
      <bIsWeighted>0</bIsWeighted>
      <UnitOfMeasure>100 מ"ל</UnitOfMeasure>
      <QtyInPackage>1</QtyInPackage>
      <ItemPrice>92.90</ItemPrice>
      <UnitOfMeasurePrice>309.67</UnitOfMeasurePrice>
      <AllowDiscount>1</AllowDiscount>
      <ItemStatus>1</ItemStatus>
    </Item>
    <Item>
      <PriceUpdateDate>2020-02-23 15:00</PriceUpdateDate>
      <ItemCode>3600522862550</ItemCode>
      <ItemType>1</ItemType>
      <ItemName>מייק אפ 30מל טרו מאץ W4</ItemName>
      <ManufacturerName>לוריאל</ManufacturerName>
      <ManufactureCountry>FR</ManufactureCountry>
      <ManufacturerItemDescription>מייק אפ</ManufacturerItemDescription>
      <UnitQty>מיליליטרים</UnitQty>
      <Quantity>30.00</Quantity>
      <bIsWeighted>0</bIsWeighted>
      <UnitOfMeasure>100 מ"ל</UnitOfMeasure>
      <QtyInPackage>1</QtyInPackage>
      <ItemPrice>92.90</ItemPrice>
      <UnitOfMeasurePrice>309.67</UnitOfMeasurePrice>
      <AllowDiscount>1</AllowDiscount>
      <ItemStatus>1</ItemStatus>
    </Item>
    <Item>
      <PriceUpdateDate>2020-07-29 13:20</PriceUpdateDate>
      <ItemCode>3600522875208</ItemCode>
      <ItemType>1</ItemType>
      <ItemName>מייק אפ אינפלבל מאט עמיד</ItemName>
      <ManufacturerName>סופרוג'ם</ManufacturerName>
      <ManufactureCountry>FR</ManufactureCountry>
      <ManufacturerItemDescription>מייק אפ אינפלבל</ManufacturerItemDescription>
      <UnitQty>מיליליטרים</UnitQty>
      <Quantity>35.00</Quantity>
      <bIsWeighted>0</bIsWeighted>
      <UnitOfMeasure>100 מ"ל</UnitOfMeasure>
      <QtyInPackage>1</QtyInPackage>
      <ItemPrice>50.00</ItemPrice>
      <UnitOfMeasurePrice>142.86</UnitOfMeasurePrice>
      <AllowDiscount>1</AllowDiscount>
      <ItemStatus>1</ItemStatus>
    </Item>
    <Item>
      <PriceUpdateDate>2020-07-29 13:20</PriceUpdateDate>
      <ItemCode>3600522875338</ItemCode>
      <ItemType>1</ItemType>
      <ItemName>מייק אפ אינפלבל מאט עמיד</ItemName>
      <ManufacturerName>סופרוג'ם</ManufacturerName>
      <ManufactureCountry>FR</ManufactureCountry>
      <ManufacturerItemDescription>מייק אפ אינפלבל</ManufacturerItemDescription>
      <UnitQty>מיליליטרים</UnitQty>
      <Quantity>35.00</Quantity>
      <bIsWeighted>0</bIsWeighted>
      <UnitOfMeasure>100 מ"ל</UnitOfMeasure>
      <QtyInPackage>1</QtyInPackage>
      <ItemPrice>50.00</ItemPrice>
      <UnitOfMeasurePrice>142.86</UnitOfMeasurePrice>
      <AllowDiscount>1</AllowDiscount>
      <ItemStatus>1</ItemStatus>
    </Item>
    <Item>
      <PriceUpdateDate>2020-07-29 13:20</PriceUpdateDate>
      <ItemCode>3600522875369</ItemCode>
      <ItemType>1</ItemType>
      <ItemName>MATTE INFALLIBLE מייק אפ</ItemName>
      <ManufacturerName>סופרוג'ם</ManufacturerName>
      <ManufactureCountry>FR</ManufactureCountry>
      <ManufacturerItemDescription>MATTE INFALLIBLE</ManufacturerItemDescription>
      <UnitQty>מיליליטרים</UnitQty>
      <Quantity>30.00</Quantity>
      <bIsWeighted>0</bIsWeighted>
      <UnitOfMeasure>100 מ"ל</UnitOfMeasure>
      <QtyInPackage>1</QtyInPackage>
      <ItemPrice>50.00</ItemPrice>
      <UnitOfMeasurePrice>166.67</UnitOfMeasurePrice>
      <AllowDiscount>1</AllowDiscount>
      <ItemStatus>1</ItemStatus>
    </Item>
    <Item>
      <PriceUpdateDate>2020-07-29 13:20</PriceUpdateDate>
      <ItemCode>3600522875406</ItemCode>
      <ItemType>1</ItemType>
      <ItemName>MATTE INFALLIBLE מייקאפ</ItemName>
      <ManufacturerName>סופרוג'ם</ManufacturerName>
      <ManufactureCountry>FR</ManufactureCountry>
      <ManufacturerItemDescription>MATTE INFALLIBLE</ManufacturerItemDescription>
      <UnitQty>מיליליטרים</UnitQty>
      <Quantity>35.00</Quantity>
      <bIsWeighted>0</bIsWeighted>
      <UnitOfMeasure>100 מ"ל</UnitOfMeasure>
      <QtyInPackage>1</QtyInPackage>
      <ItemPrice>50.00</ItemPrice>
      <UnitOfMeasurePrice>142.86</UnitOfMeasurePrice>
      <AllowDiscount>1</AllowDiscount>
      <ItemStatus>1</ItemStatus>
    </Item>
    <Item>
      <PriceUpdateDate>2020-07-29 13:20</PriceUpdateDate>
      <ItemCode>3600522875413</ItemCode>
      <ItemType>1</ItemType>
      <ItemName>MATTE INFALLIBLE מייק אפ</ItemName>
      <ManufacturerName>סופרוג'ם</ManufacturerName>
      <ManufactureCountry>FR</ManufactureCountry>
      <ManufacturerItemDescription>MATTE INFALLIBLE</ManufacturerItemDescription>
      <UnitQty>מיליליטרים</UnitQty>
      <Quantity>35.00</Quantity>
      <bIsWeighted>0</bIsWeighted>
      <UnitOfMeasure>100 מ"ל</UnitOfMeasure>
      <QtyInPackage>1</QtyInPackage>
      <ItemPrice>50.00</ItemPrice>
      <UnitOfMeasurePrice>142.86</UnitOfMeasurePrice>
      <AllowDiscount>1</AllowDiscount>
      <ItemStatus>1</ItemStatus>
    </Item>
    <Item>
      <PriceUpdateDate>2020-07-29 13:20</PriceUpdateDate>
      <ItemCode>3600522875437</ItemCode>
      <ItemType>1</ItemType>
      <ItemName>MATTE INFALLIBLE מייק אפ</ItemName>
      <ManufacturerName>סופרוג'ם</ManufacturerName>
      <ManufactureCountry>FR</ManufactureCountry>
      <ManufacturerItemDescription>MATTE INFALLIBLE</ManufacturerItemDescription>
      <UnitQty>מיליליטרים</UnitQty>
      <Quantity>35.00</Quantity>
      <bIsWeighted>0</bIsWeighted>
      <UnitOfMeasure>100 מ"ל</UnitOfMeasure>
      <QtyInPackage>1</QtyInPackage>
      <ItemPrice>50.00</ItemPrice>
      <UnitOfMeasurePrice>142.86</UnitOfMeasurePrice>
      <AllowDiscount>1</AllowDiscount>
      <ItemStatus>1</ItemStatus>
    </Item>
    <Item>
      <PriceUpdateDate>2020-10-10 21:30</PriceUpdateDate>
      <ItemCode>3600523116157</ItemCode>
      <ItemType>1</ItemType>
      <ItemName>אקסלנס אינטנס4.6אדום עמו</ItemName>
      <ManufacturerName>לוריאל פריז</ManufacturerName>
      <ManufactureCountry>BE</ManufactureCountry>
      <ManufacturerItemDescription>אקסלנס אינטנס4.6</ManufacturerItemDescription>
      <UnitQty>יחידה</UnitQty>
      <Quantity>1.00</Quantity>
      <bIsWeighted>0</bIsWeighted>
      <UnitOfMeasure>יחידה</UnitOfMeasure>
      <QtyInPackage>1</QtyInPackage>
      <ItemPrice>33.90</ItemPrice>
      <UnitOfMeasurePrice>33.90</UnitOfMeasurePrice>
      <AllowDiscount>1</AllowDiscount>
      <ItemStatus>1</ItemStatus>
    </Item>
    <Item>
      <PriceUpdateDate>2020-10-10 20:20</PriceUpdateDate>
      <ItemCode>3600523188871</ItemCode>
      <ItemType>1</ItemType>
      <ItemName>שפתון אינפליבל 122 יחידה</ItemName>
      <ManufacturerName>סופרוג'ם</ManufacturerName>
      <ManufactureCountry>FR</ManufactureCountry>
      <ManufacturerItemDescription>שפתון</ManufacturerItemDescription>
      <UnitQty>יחידה</UnitQty>
      <Quantity>1.00</Quantity>
      <bIsWeighted>0</bIsWeighted>
      <UnitOfMeasure>יחידה</UnitOfMeasure>
      <QtyInPackage>1</QtyInPackage>
      <ItemPrice>39.90</ItemPrice>
      <UnitOfMeasurePrice>39.90</UnitOfMeasurePrice>
      <AllowDiscount>1</AllowDiscount>
      <ItemStatus>1</ItemStatus>
    </Item>
    <Item>
      <PriceUpdateDate>2020-10-10 21:30</PriceUpdateDate>
      <ItemCode>3600523193141</ItemCode>
      <ItemType>1</ItemType>
      <ItemName>מג'יק ריטאצ' גוון 1 שחור</ItemName>
      <ManufacturerName>ליברמו</ManufacturerName>
      <ManufactureCountry>BE</ManufactureCountry>
      <ManufacturerItemDescription>ספריי צבע שיער</ManufacturerItemDescription>
      <UnitQty>מיליליטרים</UnitQty>
      <Quantity>75.00</Quantity>
      <bIsWeighted>0</bIsWeighted>
      <UnitOfMeasure>100 מ"ל</UnitOfMeasure>
      <QtyInPackage>1</QtyInPackage>
      <ItemPrice>33.90</ItemPrice>
      <UnitOfMeasurePrice>45.20</UnitOfMeasurePrice>
      <AllowDiscount>1</AllowDiscount>
      <ItemStatus>1</ItemStatus>
    </Item>
    <Item>
      <PriceUpdateDate>2020-10-10 21:30</PriceUpdateDate>
      <ItemCode>3600523193158</ItemCode>
      <ItemType>1</ItemType>
      <ItemName>מג'יק ריטאצ' 2 חום</ItemName>
      <ManufacturerName>ליברמו</ManufacturerName>
      <ManufactureCountry>BE</ManufactureCountry>
      <ManufacturerItemDescription>ספריי לצביעה שיע</ManufacturerItemDescription>
      <UnitQty>מיליליטרים</UnitQty>
      <Quantity>75.00</Quantity>
      <bIsWeighted>0</bIsWeighted>
      <UnitOfMeasure>100 מ"ל</UnitOfMeasure>
      <QtyInPackage>1</QtyInPackage>
      <ItemPrice>33.90</ItemPrice>
      <UnitOfMeasurePrice>45.20</UnitOfMeasurePrice>
      <AllowDiscount>1</AllowDiscount>
      <ItemStatus>1</ItemStatus>
    </Item>
    <Item>
      <PriceUpdateDate>2020-10-10 21:30</PriceUpdateDate>
      <ItemCode>3600523193165</ItemCode>
      <ItemType>1</ItemType>
      <ItemName>מג'יק ריטאצ' 3 חום בהיר</ItemName>
      <ManufacturerName>ליברמו</ManufacturerName>
      <ManufactureCountry>BE</ManufactureCountry>
      <ManufacturerItemDescription>ספריי צבע לשיער</ManufacturerItemDescription>
      <UnitQty>מיליליטרים</UnitQty>
      <Quantity>75.00</Quantity>
      <bIsWeighted>0</bIsWeighted>
      <UnitOfMeasure>100 מ"ל</UnitOfMeasure>
      <QtyInPackage>1</QtyInPackage>
      <ItemPrice>33.90</ItemPrice>
      <UnitOfMeasurePrice>45.20</UnitOfMeasurePrice>
      <AllowDiscount>1</AllowDiscount>
      <ItemStatus>1</ItemStatus>
    </Item>
    <Item>
      <PriceUpdateDate>2020-10-10 20:20</PriceUpdateDate>
      <ItemCode>3600523201303</ItemCode>
      <ItemType>1</ItemType>
      <ItemName>REVITALIFT קרם לילה</ItemName>
      <ManufacturerName>קרלסרו</ManufacturerName>
      <ManufactureCountry>DE</ManufactureCountry>
      <ManufacturerItemDescription>קרם לילה</ManufacturerItemDescription>
      <UnitQty>מיליליטרים</UnitQty>
      <Quantity>50.00</Quantity>
      <bIsWeighted>0</bIsWeighted>
      <UnitOfMeasure>100 מ"ל</UnitOfMeasure>
      <QtyInPackage>1</QtyInPackage>
      <ItemPrice>79.90</ItemPrice>
      <UnitOfMeasurePrice>159.80</UnitOfMeasurePrice>
      <AllowDiscount>1</AllowDiscount>
      <ItemStatus>1</ItemStatus>
    </Item>
    <Item>
      <PriceUpdateDate>2020-10-10 20:20</PriceUpdateDate>
      <ItemCode>3600523201310</ItemCode>
      <ItemType>1</ItemType>
      <ItemName>REVITALIFT  קרם עיניים</ItemName>
      <ManufacturerName>אולניי</ManufacturerName>
      <ManufactureCountry>FR</ManufactureCountry>
      <ManufacturerItemDescription>קרם עיניים</ManufacturerItemDescription>
      <UnitQty>מיליליטרים</UnitQty>
      <Quantity>15.00</Quantity>
      <bIsWeighted>0</bIsWeighted>
      <UnitOfMeasure>100 מ"ל</UnitOfMeasure>
      <QtyInPackage>1</QtyInPackage>
      <ItemPrice>79.90</ItemPrice>
      <UnitOfMeasurePrice>532.67</UnitOfMeasurePrice>
      <AllowDiscount>1</AllowDiscount>
      <ItemStatus>1</ItemStatus>
    </Item>
    <Item>
      <PriceUpdateDate>2020-10-10 20:20</PriceUpdateDate>
      <ItemCode>3600523206834</ItemCode>
      <ItemType>1</ItemType>
      <ItemName>REVITALIFT קרם יום</ItemName>
      <ManufacturerName>קרלסרו, גרמניה</ManufacturerName>
      <ManufactureCountry>DE</ManufactureCountry>
      <ManufacturerItemDescription>קרם יום</ManufacturerItemDescription>
      <UnitQty>מיליליטרים</UnitQty>
      <Quantity>50.00</Quantity>
      <bIsWeighted>0</bIsWeighted>
      <UnitOfMeasure>100 מ"ל</UnitOfMeasure>
      <QtyInPackage>1</QtyInPackage>
      <ItemPrice>79.90</ItemPrice>
      <UnitOfMeasurePrice>159.80</UnitOfMeasurePrice>
      <AllowDiscount>1</AllowDiscount>
      <ItemStatus>1</ItemStatus>
    </Item>
    <Item>
      <PriceUpdateDate>2020-02-23 15:00</PriceUpdateDate>
      <ItemCode>3600523215577</ItemCode>
      <ItemType>1</ItemType>
      <ItemName>מסקרה מיס היפי לוריאל</ItemName>
      <ManufacturerName>לוריאל</ManufacturerName>
      <ManufactureCountry>IL</ManufactureCountry>
      <ManufacturerItemDescription>מסקרה מיס היפי</ManufacturerItemDescription>
      <UnitQty>יחידה</UnitQty>
      <Quantity>1.00</Quantity>
      <bIsWeighted>0</bIsWeighted>
      <UnitOfMeasure>יחידה</UnitOfMeasure>
      <QtyInPackage>1</QtyInPackage>
      <ItemPrice>53.90</ItemPrice>
      <UnitOfMeasurePrice>53.90</UnitOfMeasurePrice>
      <AllowDiscount>1</AllowDiscount>
      <ItemStatus>1</ItemStatus>
    </Item>
    <Item>
      <PriceUpdateDate>2020-10-10 20:20</PriceUpdateDate>
      <ItemCode>3600523279111</ItemCode>
      <ItemType>1</ItemType>
      <ItemName>רויטליפט קלאסי סרום יח'</ItemName>
      <ManufacturerName>כללי</ManufacturerName>
      <ManufactureCountry>IL</ManufactureCountry>
      <ManufacturerItemDescription>רויטליפט קלאסי ס</ManufacturerItemDescription>
      <UnitQty>יחידה</UnitQty>
      <Quantity>1.00</Quantity>
      <bIsWeighted>0</bIsWeighted>
      <UnitOfMeasure>יחידה</UnitOfMeasure>
      <QtyInPackage>1</QtyInPackage>
      <ItemPrice>50.00</ItemPrice>
      <UnitOfMeasurePrice>50.00</UnitOfMeasurePrice>
      <AllowDiscount>1</AllowDiscount>
      <ItemStatus>1</ItemStatus>
    </Item>
    <Item>
      <PriceUpdateDate>2020-01-20 00:13</PriceUpdateDate>
      <ItemCode>3600523329847</ItemCode>
      <ItemType>1</ItemType>
      <ItemName>דרמו מיסלר לעור יבש 400מ</ItemName>
      <ManufacturerName>קרלסרו, גרמניה</ManufacturerName>
      <ManufactureCountry>DE</ManufactureCountry>
      <ManufacturerItemDescription>מיסלר לעור יבש</ManufacturerItemDescription>
      <UnitQty>מיליליטרים</UnitQty>
      <Quantity>400.00</Quantity>
      <bIsWeighted>0</bIsWeighted>
      <UnitOfMeasure>100 מ"ל</UnitOfMeasure>
      <QtyInPackage>1</QtyInPackage>
      <ItemPrice>41.90</ItemPrice>
      <UnitOfMeasurePrice>10.48</UnitOfMeasurePrice>
      <AllowDiscount>1</AllowDiscount>
      <ItemStatus>1</ItemStatus>
    </Item>
    <Item>
      <PriceUpdateDate>2020-01-20 00:14</PriceUpdateDate>
      <ItemCode>3600523334506</ItemCode>
      <ItemType>1</ItemType>
      <ItemName>פרפקט גבות 01 בלונד יח'</ItemName>
      <ManufacturerName>לוריאל איפור</ManufacturerName>
      <ManufactureCountry>DE</ManufactureCountry>
      <ManufacturerItemDescription>פרפקט גבות 01 בל</ManufacturerItemDescription>
      <UnitQty>יחידה</UnitQty>
      <Quantity>1.00</Quantity>
      <bIsWeighted>0</bIsWeighted>
      <UnitOfMeasure>יחידה</UnitOfMeasure>
      <QtyInPackage>1</QtyInPackage>
      <ItemPrice>40.00</ItemPrice>
      <UnitOfMeasurePrice>40.00</UnitOfMeasurePrice>
      <AllowDiscount>1</AllowDiscount>
      <ItemStatus>1</ItemStatus>
    </Item>
    <Item>
      <PriceUpdateDate>2020-07-29 13:20</PriceUpdateDate>
      <ItemCode>3600523339099</ItemCode>
      <ItemType>1</ItemType>
      <ItemName>מייק אפ טוטאל קאבר12</ItemName>
      <ManufacturerName>לוריאל איפור</ManufacturerName>
      <ManufactureCountry>IL</ManufactureCountry>
      <ManufacturerItemDescription>מייק אפ טוטאל קא</ManufacturerItemDescription>
      <UnitQty>יחידה</UnitQty>
      <Quantity>1.00</Quantity>
      <bIsWeighted>0</bIsWeighted>
      <UnitOfMeasure>יחידה</UnitOfMeasure>
      <QtyInPackage>0</QtyInPackage>
      <ItemPrice>50.00</ItemPrice>
      <UnitOfMeasurePrice>50.00</UnitOfMeasurePrice>
      <AllowDiscount>1</AllowDiscount>
      <ItemStatus>1</ItemStatus>
    </Item>
    <Item>
      <PriceUpdateDate>2020-07-29 13:20</PriceUpdateDate>
      <ItemCode>3600523344154</ItemCode>
      <ItemType>1</ItemType>
      <ItemName>מייק אפ טוטאל קאבר13</ItemName>
      <ManufacturerName>לוריאל איפור</ManufacturerName>
      <ManufactureCountry>IL</ManufactureCountry>
      <ManufacturerItemDescription>מייק אפ טוטאל קא</ManufacturerItemDescription>
      <UnitQty>יחידה</UnitQty>
      <Quantity>1.00</Quantity>
      <bIsWeighted>0</bIsWeighted>
      <UnitOfMeasure>יחידה</UnitOfMeasure>
      <QtyInPackage>0</QtyInPackage>
      <ItemPrice>50.00</ItemPrice>
      <UnitOfMeasurePrice>50.00</UnitOfMeasurePrice>
      <AllowDiscount>1</AllowDiscount>
      <ItemStatus>1</ItemStatus>
    </Item>
    <Item>
      <PriceUpdateDate>2020-07-29 13:20</PriceUpdateDate>
      <ItemCode>3600523344215</ItemCode>
      <ItemType>1</ItemType>
      <ItemName>מייק אפ טוטאל קאבר 20</ItemName>
      <ManufacturerName>לוריאל איפור</ManufacturerName>
      <ManufactureCountry>IL</ManufactureCountry>
      <ManufacturerItemDescription>מייק אפ טוטאל קא</ManufacturerItemDescription>
      <UnitQty>יחידה</UnitQty>
      <Quantity>1.00</Quantity>
      <bIsWeighted>0</bIsWeighted>
      <UnitOfMeasure>יחידה</UnitOfMeasure>
      <QtyInPackage>0</QtyInPackage>
      <ItemPrice>50.00</ItemPrice>
      <UnitOfMeasurePrice>50.00</UnitOfMeasurePrice>
      <AllowDiscount>1</AllowDiscount>
      <ItemStatus>1</ItemStatus>
    </Item>
    <Item>
      <PriceUpdateDate>2020-10-10 20:20</PriceUpdateDate>
      <ItemCode>3600523363193</ItemCode>
      <ItemType>1</ItemType>
      <ItemName>HG ג'ל לחות לעור יבש 70מ</ItemName>
      <ManufacturerName>לוריאל פרודקשן דויטשלנד,</ManufacturerName>
      <ManufactureCountry>DE</ManufactureCountry>
      <ManufacturerItemDescription>HG ג'ל לחות</ManufacturerItemDescription>
      <UnitQty>מיליליטרים</UnitQty>
      <Quantity>70.00</Quantity>
      <bIsWeighted>0</bIsWeighted>
      <UnitOfMeasure>100 מ"ל</UnitOfMeasure>
      <QtyInPackage>1</QtyInPackage>
      <ItemPrice>45.90</ItemPrice>
      <UnitOfMeasurePrice>65.57</UnitOfMeasurePrice>
      <AllowDiscount>1</AllowDiscount>
      <ItemStatus>1</ItemStatus>
    </Item>
    <Item>
      <PriceUpdateDate>2020-01-20 00:13</PriceUpdateDate>
      <ItemCode>3600523428663</ItemCode>
      <ItemType>1</ItemType>
      <ItemName>REVITALIFT קרם יום</ItemName>
      <ManufacturerName>קרלסרו, גרמניה</ManufacturerName>
      <ManufactureCountry>DE</ManufactureCountry>
      <ManufacturerItemDescription>REVITALIFT קרם</ManufacturerItemDescription>
      <UnitQty>מיליליטרים</UnitQty>
      <Quantity>50.00</Quantity>
      <bIsWeighted>0</bIsWeighted>
      <UnitOfMeasure>100 מ"ל</UnitOfMeasure>
      <QtyInPackage>1</QtyInPackage>
      <ItemPrice>109.00</ItemPrice>
      <UnitOfMeasurePrice>218.00</UnitOfMeasurePrice>
      <AllowDiscount>1</AllowDiscount>
      <ItemStatus>1</ItemStatus>
    </Item>
    <Item>
      <PriceUpdateDate>2020-01-20 00:13</PriceUpdateDate>
      <ItemCode>3600523430925</ItemCode>
      <ItemType>1</ItemType>
      <ItemName>פיור קלי תרחיץ אדום150מ</ItemName>
      <ManufacturerName>סופרוקוס</ManufacturerName>
      <ManufactureCountry>FR</ManufactureCountry>
      <ManufacturerItemDescription>תרחיץ פיור קלי</ManufacturerItemDescription>
      <UnitQty>מיליליטרים</UnitQty>
      <Quantity>150.00</Quantity>
      <bIsWeighted>0</bIsWeighted>
      <UnitOfMeasure>100 מ"ל</UnitOfMeasure>
      <QtyInPackage>1</QtyInPackage>
      <ItemPrice>35.90</ItemPrice>
      <UnitOfMeasurePrice>23.93</UnitOfMeasurePrice>
      <AllowDiscount>1</AllowDiscount>
      <ItemStatus>1</ItemStatus>
    </Item>
    <Item>
      <PriceUpdateDate>2020-01-20 00:13</PriceUpdateDate>
      <ItemCode>3600523439928</ItemCode>
      <ItemType>1</ItemType>
      <ItemName>מי פנים עור רגיל פרח400מ</ItemName>
      <ManufacturerName>קרלסרו, גרמניה</ManufacturerName>
      <ManufactureCountry>DE</ManufactureCountry>
      <ManufacturerItemDescription>מי פנים</ManufacturerItemDescription>
      <UnitQty>מיליליטרים</UnitQty>
      <Quantity>400.00</Quantity>
      <bIsWeighted>0</bIsWeighted>
      <UnitOfMeasure>100 מ"ל</UnitOfMeasure>
      <QtyInPackage>1</QtyInPackage>
      <ItemPrice>40.90</ItemPrice>
      <UnitOfMeasurePrice>10.23</UnitOfMeasurePrice>
      <AllowDiscount>1</AllowDiscount>
      <ItemStatus>1</ItemStatus>
    </Item>
    <Item>
      <PriceUpdateDate>2020-08-14 05:43</PriceUpdateDate>
      <ItemCode>3600523448746</ItemCode>
      <ItemType>1</ItemType>
      <ItemName>דרמו רויטליפט לייזר יום</ItemName>
      <ManufacturerName>כללי</ManufacturerName>
      <ManufactureCountry>IL</ManufactureCountry>
      <ManufacturerItemDescription>דרמו רויטליפט לי</ManufacturerItemDescription>
      <UnitQty>מיליליטרים</UnitQty>
      <Quantity>50.00</Quantity>
      <bIsWeighted>0</bIsWeighted>
      <UnitOfMeasure>100 מ"ל</UnitOfMeasure>
      <QtyInPackage>1</QtyInPackage>
      <ItemPrice>110.00</ItemPrice>
      <UnitOfMeasurePrice>220.00</UnitOfMeasurePrice>
      <AllowDiscount>1</AllowDiscount>
      <ItemStatus>1</ItemStatus>
    </Item>
    <Item>
      <PriceUpdateDate>2020-01-20 00:13</PriceUpdateDate>
      <ItemCode>3600523457991</ItemCode>
      <ItemType>1</ItemType>
      <ItemName>מגבונ.עור רגיש פרחים25יח</ItemName>
      <ManufacturerName>קרלסרו</ManufacturerName>
      <ManufactureCountry>DE</ManufactureCountry>
      <ManufacturerItemDescription>מגבונים</ManufacturerItemDescription>
      <UnitQty>יחידה</UnitQty>
      <Quantity>1.00</Quantity>
      <bIsWeighted>0</bIsWeighted>
      <UnitOfMeasure>יחידה</UnitOfMeasure>
      <QtyInPackage>1</QtyInPackage>
      <ItemPrice>15.90</ItemPrice>
      <UnitOfMeasurePrice>15.90</UnitOfMeasurePrice>
      <AllowDiscount>1</AllowDiscount>
      <ItemStatus>1</ItemStatus>
    </Item>
    <Item>
      <PriceUpdateDate>2020-10-10 20:20</PriceUpdateDate>
      <ItemCode>3600523464548</ItemCode>
      <ItemType>1</ItemType>
      <ItemName>HG ג'ל לחות לעור עדין 70</ItemName>
      <ManufacturerName>סופרויאל</ManufacturerName>
      <ManufactureCountry>DE</ManufactureCountry>
      <ManufacturerItemDescription>HG ג'ל לחות</ManufacturerItemDescription>
      <UnitQty>מיליליטרים</UnitQty>
      <Quantity>70.00</Quantity>
      <bIsWeighted>0</bIsWeighted>
      <UnitOfMeasure>100 מ"ל</UnitOfMeasure>
      <QtyInPackage>1</QtyInPackage>
      <ItemPrice>45.90</ItemPrice>
      <UnitOfMeasurePrice>65.57</UnitOfMeasurePrice>
      <AllowDiscount>1</AllowDiscount>
      <ItemStatus>1</ItemStatus>
    </Item>
    <Item>
      <PriceUpdateDate>2020-01-20 00:13</PriceUpdateDate>
      <ItemCode>3600523476619</ItemCode>
      <ItemType>1</ItemType>
      <ItemName>ג'ל ניקוי כחול 150 מ"ל</ItemName>
      <ManufacturerName>לוריאל</ManufacturerName>
      <ManufactureCountry>FR</ManufactureCountry>
      <ManufacturerItemDescription>ג'ל ניקוי כחול</ManufacturerItemDescription>
      <UnitQty>מיליליטרים</UnitQty>
      <Quantity>150.00</Quantity>
      <bIsWeighted>0</bIsWeighted>
      <UnitOfMeasure>100 מ"ל</UnitOfMeasure>
      <QtyInPackage>1</QtyInPackage>
      <ItemPrice>35.00</ItemPrice>
      <UnitOfMeasurePrice>23.33</UnitOfMeasurePrice>
      <AllowDiscount>1</AllowDiscount>
      <ItemStatus>1</ItemStatus>
    </Item>
    <Item>
      <PriceUpdateDate>2020-01-20 00:13</PriceUpdateDate>
      <ItemCode>3600523541324</ItemCode>
      <ItemType>1</ItemType>
      <ItemName>דרמו שוגר סקראבס הזנה50מ</ItemName>
      <ManufacturerName>קרלסרו, גרמניה</ManufacturerName>
      <ManufactureCountry>DE</ManufactureCountry>
      <ManufacturerItemDescription>מסכה לפנים</ManufacturerItemDescription>
      <UnitQty>מיליליטרים</UnitQty>
      <Quantity>50.00</Quantity>
      <bIsWeighted>0</bIsWeighted>
      <UnitOfMeasure>100 מ"ל</UnitOfMeasure>
      <QtyInPackage>1</QtyInPackage>
      <ItemPrice>58.90</ItemPrice>
      <UnitOfMeasurePrice>117.80</UnitOfMeasurePrice>
      <AllowDiscount>1</AllowDiscount>
      <ItemStatus>1</ItemStatus>
    </Item>
    <Item>
      <PriceUpdateDate>2020-01-20 00:13</PriceUpdateDate>
      <ItemCode>3600523563364</ItemCode>
      <ItemType>1</ItemType>
      <ItemName>אייג פרפקט סרום יח'</ItemName>
      <ManufacturerName>לוריאל פרודקשן דויטשלנד,</ManufacturerName>
      <ManufactureCountry>DE</ManufactureCountry>
      <ManufacturerItemDescription>אייג פרפקט סרום</ManufacturerItemDescription>
      <UnitQty>מיליליטרים</UnitQty>
      <Quantity>30.00</Quantity>
      <bIsWeighted>0</bIsWeighted>
      <UnitOfMeasure>100 מ"ל</UnitOfMeasure>
      <QtyInPackage>1</QtyInPackage>
      <ItemPrice>124.00</ItemPrice>
      <UnitOfMeasurePrice>413.33</UnitOfMeasurePrice>
      <AllowDiscount>1</AllowDiscount>
      <ItemStatus>1</ItemStatus>
    </Item>
    <Item>
      <PriceUpdateDate>2020-10-10 21:30</PriceUpdateDate>
      <ItemCode>3600523605972</ItemCode>
      <ItemType>1</ItemType>
      <ItemName>קרם לשיער אלביב קוקוס</ItemName>
      <ManufacturerName>kozmetik canan</ManufacturerName>
      <ManufactureCountry>DK</ManufactureCountry>
      <ManufacturerItemDescription>מסכה אלביב</ManufacturerItemDescription>
      <UnitQty>מיליליטרים</UnitQty>
      <Quantity>300.00</Quantity>
      <bIsWeighted>0</bIsWeighted>
      <UnitOfMeasure>100 מ"ל</UnitOfMeasure>
      <QtyInPackage>1</QtyInPackage>
      <ItemPrice>19.90</ItemPrice>
      <UnitOfMeasurePrice>6.63</UnitOfMeasurePrice>
      <AllowDiscount>1</AllowDiscount>
      <ItemStatus>1</ItemStatus>
    </Item>
    <Item>
      <PriceUpdateDate>2020-10-10 21:30</PriceUpdateDate>
      <ItemCode>3600523606016</ItemCode>
      <ItemType>1</ItemType>
      <ItemName>אלביב קרם משקם לשיער 150</ItemName>
      <ManufacturerName>IDC</ManufacturerName>
      <ManufactureCountry>FR</ManufactureCountry>
      <ManufacturerItemDescription>אלביב קרם משקם</ManufacturerItemDescription>
      <UnitQty>מיליליטרים</UnitQty>
      <Quantity>150.00</Quantity>
      <bIsWeighted>0</bIsWeighted>
      <UnitOfMeasure>100 מ"ל</UnitOfMeasure>
      <QtyInPackage>1</QtyInPackage>
      <ItemPrice>19.90</ItemPrice>
      <UnitOfMeasurePrice>13.26</UnitOfMeasurePrice>
      <AllowDiscount>1</AllowDiscount>
      <ItemStatus>1</ItemStatus>
    </Item>
    <Item>
      <PriceUpdateDate>2020-01-20 00:14</PriceUpdateDate>
      <ItemCode>3600523616756</ItemCode>
      <ItemType>1</ItemType>
      <ItemName>קולוריסטה ג'ל ורוד פודרה</ItemName>
      <ManufacturerName>כללי</ManufacturerName>
      <ManufactureCountry>BE</ManufactureCountry>
      <ManufacturerItemDescription>קולוריסטה  ג'ל</ManufacturerItemDescription>
      <UnitQty>מיליליטרים</UnitQty>
      <Quantity>30.00</Quantity>
      <bIsWeighted>0</bIsWeighted>
      <UnitOfMeasure>100 מ"ל</UnitOfMeasure>
      <QtyInPackage>1</QtyInPackage>
      <ItemPrice>34.90</ItemPrice>
      <UnitOfMeasurePrice>116.33</UnitOfMeasurePrice>
      <AllowDiscount>1</AllowDiscount>
      <ItemStatus>1</ItemStatus>
    </Item>
    <Item>
      <PriceUpdateDate>2020-10-10 21:30</PriceUpdateDate>
      <ItemCode>3600523642489</ItemCode>
      <ItemType>1</ItemType>
      <ItemName>מסכת אלביב 6 שמנים</ItemName>
      <ManufacturerName>לוריאל</ManufacturerName>
      <ManufactureCountry>DE</ManufactureCountry>
      <ManufacturerItemDescription>מסכה אלביב</ManufacturerItemDescription>
      <UnitQty>מיליליטרים</UnitQty>
      <Quantity>300.00</Quantity>
      <bIsWeighted>0</bIsWeighted>
      <UnitOfMeasure>100 מ"ל</UnitOfMeasure>
      <QtyInPackage>1</QtyInPackage>
      <ItemPrice>19.90</ItemPrice>
      <UnitOfMeasurePrice>6.63</UnitOfMeasurePrice>
      <AllowDiscount>1</AllowDiscount>
      <ItemStatus>1</ItemStatus>
    </Item>
    <Item>
      <PriceUpdateDate>2020-10-10 21:30</PriceUpdateDate>
      <ItemCode>3600523651887</ItemCode>
      <ItemType>1</ItemType>
      <ItemName>אלביב שמפו טוטל ריפר550מ</ItemName>
      <ManufacturerName>קוסמטיקס</ManufacturerName>
      <ManufactureCountry>TR</ManufactureCountry>
      <ManufacturerItemDescription>שמפו אלביב</ManufacturerItemDescription>
      <UnitQty>מיליליטרים</UnitQty>
      <Quantity>550.00</Quantity>
      <bIsWeighted>0</bIsWeighted>
      <UnitOfMeasure>100 מ"ל</UnitOfMeasure>
      <QtyInPackage>1</QtyInPackage>
      <ItemPrice>14.90</ItemPrice>
      <UnitOfMeasurePrice>2.71</UnitOfMeasurePrice>
      <AllowDiscount>1</AllowDiscount>
      <ItemStatus>1</ItemStatus>
    </Item>
    <Item>
      <PriceUpdateDate>2020-10-10 21:30</PriceUpdateDate>
      <ItemCode>3600523651900</ItemCode>
      <ItemType>1</ItemType>
      <ItemName>מרכך  אלביב ארג'ינין</ItemName>
      <ManufacturerName>קוסמטיקס</ManufacturerName>
      <ManufactureCountry>TR</ManufactureCountry>
      <ManufacturerItemDescription>אלביב מרכך</ManufacturerItemDescription>
      <UnitQty>מיליליטרים</UnitQty>
      <Quantity>550.00</Quantity>
      <bIsWeighted>0</bIsWeighted>
      <UnitOfMeasure>100 מ"ל</UnitOfMeasure>
      <QtyInPackage>1</QtyInPackage>
      <ItemPrice>14.90</ItemPrice>
      <UnitOfMeasurePrice>2.71</UnitOfMeasurePrice>
      <AllowDiscount>1</AllowDiscount>
      <ItemStatus>1</ItemStatus>
    </Item>
    <Item>
      <PriceUpdateDate>2020-10-10 21:30</PriceUpdateDate>
      <ItemCode>3600523652228</ItemCode>
      <ItemType>1</ItemType>
      <ItemName>אלביב מרכך טוטאל ריפר550</ItemName>
      <ManufacturerName>קוסמטיקס</ManufacturerName>
      <ManufactureCountry>TR</ManufactureCountry>
      <ManufacturerItemDescription>אלביב שמפו</ManufacturerItemDescription>
      <UnitQty>מיליליטרים</UnitQty>
      <Quantity>550.00</Quantity>
      <bIsWeighted>0</bIsWeighted>
      <UnitOfMeasure>100 מ"ל</UnitOfMeasure>
      <QtyInPackage>1</QtyInPackage>
      <ItemPrice>14.90</ItemPrice>
      <UnitOfMeasurePrice>2.71</UnitOfMeasurePrice>
      <AllowDiscount>1</AllowDiscount>
      <ItemStatus>1</ItemStatus>
    </Item>
    <Item>
      <PriceUpdateDate>2020-10-10 21:30</PriceUpdateDate>
      <ItemCode>3600523652242</ItemCode>
      <ItemType>1</ItemType>
      <ItemName>שמפו אלביב קולור פרוטקט</ItemName>
      <ManufacturerName>קוסמטיקס</ManufacturerName>
      <ManufactureCountry>TR</ManufactureCountry>
      <ManufacturerItemDescription>אלביב שמפו</ManufacturerItemDescription>
      <UnitQty>מיליליטרים</UnitQty>
      <Quantity>550.00</Quantity>
      <bIsWeighted>0</bIsWeighted>
      <UnitOfMeasure>100 מ"ל</UnitOfMeasure>
      <QtyInPackage>1</QtyInPackage>
      <ItemPrice>14.90</ItemPrice>
      <UnitOfMeasurePrice>2.71</UnitOfMeasurePrice>
      <AllowDiscount>1</AllowDiscount>
      <ItemStatus>1</ItemStatus>
    </Item>
    <Item>
      <PriceUpdateDate>2020-10-10 21:30</PriceUpdateDate>
      <ItemCode>3600523652259</ItemCode>
      <ItemType>1</ItemType>
      <ItemName>מרכך אלביב קולור פרוטקט</ItemName>
      <ManufacturerName>קוסמטיקס</ManufacturerName>
      <ManufactureCountry>TR</ManufactureCountry>
      <ManufacturerItemDescription>אלביב מרכך</ManufacturerItemDescription>
      <UnitQty>מיליליטרים</UnitQty>
      <Quantity>550.00</Quantity>
      <bIsWeighted>0</bIsWeighted>
      <UnitOfMeasure>100 מ"ל</UnitOfMeasure>
      <QtyInPackage>1</QtyInPackage>
      <ItemPrice>14.90</ItemPrice>
      <UnitOfMeasurePrice>2.71</UnitOfMeasurePrice>
      <AllowDiscount>1</AllowDiscount>
      <ItemStatus>1</ItemStatus>
    </Item>
    <Item>
      <PriceUpdateDate>2020-10-10 21:30</PriceUpdateDate>
      <ItemCode>3600523652273</ItemCode>
      <ItemType>1</ItemType>
      <ItemName>שמפו אלביב חימר</ItemName>
      <ManufacturerName>קוסמטיקס</ManufacturerName>
      <ManufactureCountry>TR</ManufactureCountry>
      <ManufacturerItemDescription>אלביב שמפו</ManufacturerItemDescription>
      <UnitQty>מיליליטרים</UnitQty>
      <Quantity>550.00</Quantity>
      <bIsWeighted>0</bIsWeighted>
      <UnitOfMeasure>100 מ"ל</UnitOfMeasure>
      <QtyInPackage>1</QtyInPackage>
      <ItemPrice>14.90</ItemPrice>
      <UnitOfMeasurePrice>2.71</UnitOfMeasurePrice>
      <AllowDiscount>1</AllowDiscount>
      <ItemStatus>1</ItemStatus>
    </Item>
    <Item>
      <PriceUpdateDate>2020-10-10 21:30</PriceUpdateDate>
      <ItemCode>3600523652280</ItemCode>
      <ItemType>1</ItemType>
      <ItemName>שמפו אלביב 6 שמנים</ItemName>
      <ManufacturerName>קוסמטיקס</ManufacturerName>
      <ManufactureCountry>TR</ManufactureCountry>
      <ManufacturerItemDescription>אלביב שמפו</ManufacturerItemDescription>
      <UnitQty>מיליליטרים</UnitQty>
      <Quantity>550.00</Quantity>
      <bIsWeighted>0</bIsWeighted>
      <UnitOfMeasure>100 מ"ל</UnitOfMeasure>
      <QtyInPackage>1</QtyInPackage>
      <ItemPrice>14.90</ItemPrice>
      <UnitOfMeasurePrice>2.71</UnitOfMeasurePrice>
      <AllowDiscount>1</AllowDiscount>
      <ItemStatus>1</ItemStatus>
    </Item>
    <Item>
      <PriceUpdateDate>2020-10-10 21:30</PriceUpdateDate>
      <ItemCode>3600523652297</ItemCode>
      <ItemType>1</ItemType>
      <ItemName>מרכך אלביב 6 שמנים</ItemName>
      <ManufacturerName>קוסמטיקס</ManufacturerName>
      <ManufactureCountry>TR</ManufactureCountry>
      <ManufacturerItemDescription>אלביב מרכך</ManufacturerItemDescription>
      <UnitQty>מיליליטרים</UnitQty>
      <Quantity>550.00</Quantity>
      <bIsWeighted>0</bIsWeighted>
      <UnitOfMeasure>100 מ"ל</UnitOfMeasure>
      <QtyInPackage>1</QtyInPackage>
      <ItemPrice>14.90</ItemPrice>
      <UnitOfMeasurePrice>2.71</UnitOfMeasurePrice>
      <AllowDiscount>1</AllowDiscount>
      <ItemStatus>1</ItemStatus>
    </Item>
    <Item>
      <PriceUpdateDate>2020-10-10 21:30</PriceUpdateDate>
      <ItemCode>3600523653638</ItemCode>
      <ItemType>1</ItemType>
      <ItemName>מרכך אלביב חימר</ItemName>
      <ManufacturerName>קוסמטיקס</ManufacturerName>
      <ManufactureCountry>TR</ManufactureCountry>
      <ManufacturerItemDescription>אלביב מרכך</ManufacturerItemDescription>
      <UnitQty>מיליליטרים</UnitQty>
      <Quantity>550.00</Quantity>
      <bIsWeighted>0</bIsWeighted>
      <UnitOfMeasure>100 מ"ל</UnitOfMeasure>
      <QtyInPackage>1</QtyInPackage>
      <ItemPrice>14.90</ItemPrice>
      <UnitOfMeasurePrice>2.71</UnitOfMeasurePrice>
      <AllowDiscount>1</AllowDiscount>
      <ItemStatus>1</ItemStatus>
    </Item>
    <Item>
      <PriceUpdateDate>2020-02-23 15:00</PriceUpdateDate>
      <ItemCode>3600523706075</ItemCode>
      <ItemType>1</ItemType>
      <ItemName>מסקרה פרדייז חום יח'</ItemName>
      <ManufacturerName>לוריאל איפור</ManufacturerName>
      <ManufactureCountry>IT</ManufactureCountry>
      <ManufacturerItemDescription>מסקרה פרדייז חום</ManufacturerItemDescription>
      <UnitQty>יחידה</UnitQty>
      <Quantity>1.00</Quantity>
      <bIsWeighted>0</bIsWeighted>
      <UnitOfMeasure>יחידה</UnitOfMeasure>
      <QtyInPackage>1</QtyInPackage>
      <ItemPrice>78.90</ItemPrice>
      <UnitOfMeasurePrice>78.90</UnitOfMeasurePrice>
      <AllowDiscount>1</AllowDiscount>
      <ItemStatus>1</ItemStatus>
    </Item>
    <Item>
      <PriceUpdateDate>2020-10-10 20:20</PriceUpdateDate>
      <ItemCode>3600523716524</ItemCode>
      <ItemType>1</ItemType>
      <ItemName>דרמו רויטליפט קלאסי אדום</ItemName>
      <ManufacturerName>קרלסרו, גרמניה</ManufacturerName>
      <ManufactureCountry>DE</ManufactureCountry>
      <ManufacturerItemDescription>דרמו רויטליפט קל</ManufacturerItemDescription>
      <UnitQty>מיליליטרים</UnitQty>
      <Quantity>50.00</Quantity>
      <bIsWeighted>0</bIsWeighted>
      <UnitOfMeasure>100 מ"ל</UnitOfMeasure>
      <QtyInPackage>1</QtyInPackage>
      <ItemPrice>50.00</ItemPrice>
      <UnitOfMeasurePrice>100.00</UnitOfMeasurePrice>
      <AllowDiscount>1</AllowDiscount>
      <ItemStatus>1</ItemStatus>
    </Item>
    <Item>
      <PriceUpdateDate>2020-10-10 21:30</PriceUpdateDate>
      <ItemCode>3600523755660</ItemCode>
      <ItemType>1</ItemType>
      <ItemName>לוריאל אקסלנס קרם צבע לש</ItemName>
      <ManufacturerName>לוריאל פריז</ManufacturerName>
      <ManufactureCountry>BE</ManufactureCountry>
      <ManufacturerItemDescription>קרם צבע לשיער ח</ManufacturerItemDescription>
      <UnitQty>מיליליטרים</UnitQty>
      <Quantity>192.00</Quantity>
      <bIsWeighted>0</bIsWeighted>
      <UnitOfMeasure>100 מ"ל</UnitOfMeasure>
      <QtyInPackage>1</QtyInPackage>
      <ItemPrice>33.90</ItemPrice>
      <UnitOfMeasurePrice>17.65</UnitOfMeasurePrice>
      <AllowDiscount>1</AllowDiscount>
      <ItemStatus>1</ItemStatus>
    </Item>
    <Item>
      <PriceUpdateDate>2020-10-10 21:30</PriceUpdateDate>
      <ItemCode>3600523755806</ItemCode>
      <ItemType>1</ItemType>
      <ItemName>שמפו אלביב שמן קוקוס</ItemName>
      <ManufacturerName>קוסמטיקס</ManufacturerName>
      <ManufactureCountry>TR</ManufactureCountry>
      <ManufacturerItemDescription>שמפו אלביב</ManufacturerItemDescription>
      <UnitQty>מיליליטרים</UnitQty>
      <Quantity>550.00</Quantity>
      <bIsWeighted>0</bIsWeighted>
      <UnitOfMeasure>100 מ"ל</UnitOfMeasure>
      <QtyInPackage>1</QtyInPackage>
      <ItemPrice>14.90</ItemPrice>
      <UnitOfMeasurePrice>2.71</UnitOfMeasurePrice>
      <AllowDiscount>1</AllowDiscount>
      <ItemStatus>1</ItemStatus>
    </Item>
    <Item>
      <PriceUpdateDate>2020-10-10 21:30</PriceUpdateDate>
      <ItemCode>3600523756322</ItemCode>
      <ItemType>1</ItemType>
      <ItemName>מרכך אלביב קוקוס</ItemName>
      <ManufacturerName>קוסמטיקס</ManufacturerName>
      <ManufactureCountry>TR</ManufactureCountry>
      <ManufacturerItemDescription>מרכך אלביב</ManufacturerItemDescription>
      <UnitQty>מיליליטרים</UnitQty>
      <Quantity>550.00</Quantity>
      <bIsWeighted>0</bIsWeighted>
      <UnitOfMeasure>100 מ"ל</UnitOfMeasure>
      <QtyInPackage>1</QtyInPackage>
      <ItemPrice>14.90</ItemPrice>
      <UnitOfMeasurePrice>2.71</UnitOfMeasurePrice>
      <AllowDiscount>1</AllowDiscount>
      <ItemStatus>1</ItemStatus>
    </Item>
    <Item>
      <PriceUpdateDate>2020-10-10 21:30</PriceUpdateDate>
      <ItemCode>3600523782567</ItemCode>
      <ItemType>1</ItemType>
      <ItemName>שמפו אלביב דרים לונג</ItemName>
      <ManufacturerName>קוסמטיקס</ManufacturerName>
      <ManufactureCountry>FR</ManufactureCountry>
      <ManufacturerItemDescription>אלביב שמפו</ManufacturerItemDescription>
      <UnitQty>מיליליטרים</UnitQty>
      <Quantity>500.00</Quantity>
      <bIsWeighted>0</bIsWeighted>
      <UnitOfMeasure>100 מ"ל</UnitOfMeasure>
      <QtyInPackage>1</QtyInPackage>
      <ItemPrice>14.90</ItemPrice>
      <UnitOfMeasurePrice>2.98</UnitOfMeasurePrice>
      <AllowDiscount>1</AllowDiscount>
      <ItemStatus>1</ItemStatus>
    </Item>
    <Item>
      <PriceUpdateDate>2020-01-31 05:46</PriceUpdateDate>
      <ItemCode>3600523815807</ItemCode>
      <ItemType>1</ItemType>
      <ItemName>אלביב מרכך ארגנין 360</ItemName>
      <ManufacturerName>כללי</ManufacturerName>
      <ManufactureCountry />
      <ManufacturerItemDescription>אלביב מרכך ארגני</ManufacturerItemDescription>
      <UnitQty>יחידה</UnitQty>
      <Quantity>1.00</Quantity>
      <bIsWeighted>0</bIsWeighted>
      <UnitOfMeasure>יחידה</UnitOfMeasure>
      <QtyInPackage>0</QtyInPackage>
      <ItemPrice>10.00</ItemPrice>
      <UnitOfMeasurePrice>10.00</UnitOfMeasurePrice>
      <AllowDiscount>1</AllowDiscount>
      <ItemStatus>1</ItemStatus>
    </Item>
    <Item>
      <PriceUpdateDate>2020-10-10 12:00</PriceUpdateDate>
      <ItemCode>3600530695737</ItemCode>
      <ItemType>1</ItemType>
      <ItemName>STAY SUPER שפתון 150 יח'</ItemName>
      <ManufacturerName>סופרוג'ם</ManufacturerName>
      <ManufactureCountry>FR</ManufactureCountry>
      <ManufacturerItemDescription>STAY150 SUPER</ManufacturerItemDescription>
      <UnitQty>יחידה</UnitQty>
      <Quantity>1.00</Quantity>
      <bIsWeighted>0</bIsWeighted>
      <UnitOfMeasure>יחידה</UnitOfMeasure>
      <QtyInPackage>1</QtyInPackage>
      <ItemPrice>33.00</ItemPrice>
      <UnitOfMeasurePrice>33.00</UnitOfMeasurePrice>
      <AllowDiscount>1</AllowDiscount>
      <ItemStatus>1</ItemStatus>
    </Item>
    <Item>
      <PriceUpdateDate>2020-10-10 12:00</PriceUpdateDate>
      <ItemCode>3600530695904</ItemCode>
      <ItemType>1</ItemType>
      <ItemName>STAY SUPER שפתון 510 יח'</ItemName>
      <ManufacturerName>סופרוג'ם</ManufacturerName>
      <ManufactureCountry>FR</ManufactureCountry>
      <ManufacturerItemDescription>STAY510 SUPER</ManufacturerItemDescription>
      <UnitQty>יחידה</UnitQty>
      <Quantity>1.00</Quantity>
      <bIsWeighted>0</bIsWeighted>
      <UnitOfMeasure>יחידה</UnitOfMeasure>
      <QtyInPackage>1</QtyInPackage>
      <ItemPrice>33.00</ItemPrice>
      <UnitOfMeasurePrice>33.00</UnitOfMeasurePrice>
      <AllowDiscount>1</AllowDiscount>
      <ItemStatus>1</ItemStatus>
    </Item>
    <Item>
      <PriceUpdateDate>2020-01-20 00:14</PriceUpdateDate>
      <ItemCode>3600530730308</ItemCode>
      <ItemType>1</ItemType>
      <ItemName>אייליינר מאסטר פרסייס</ItemName>
      <ManufacturerName>שוואן סטבילו</ManufacturerName>
      <ManufactureCountry>IT</ManufactureCountry>
      <ManufacturerItemDescription>אייליינר</ManufacturerItemDescription>
      <UnitQty>יחידה</UnitQty>
      <Quantity>1.00</Quantity>
      <bIsWeighted>0</bIsWeighted>
      <UnitOfMeasure>יחידה</UnitOfMeasure>
      <QtyInPackage>0</QtyInPackage>
      <ItemPrice>34.90</ItemPrice>
      <UnitOfMeasurePrice>34.90</UnitOfMeasurePrice>
      <AllowDiscount>1</AllowDiscount>
      <ItemStatus>1</ItemStatus>
    </Item>
    <Item>
      <PriceUpdateDate>2020-02-23 15:00</PriceUpdateDate>
      <ItemCode>3600530733842</ItemCode>
      <ItemType>1</ItemType>
      <ItemName>קונסילר אנטי איג'ינג01 י</ItemName>
      <ManufacturerName>כללי</ManufacturerName>
      <ManufactureCountry>IL</ManufactureCountry>
      <ManufacturerItemDescription>קונסילר אנטי איג</ManufacturerItemDescription>
      <UnitQty>יחידה</UnitQty>
      <Quantity>1.00</Quantity>
      <bIsWeighted>0</bIsWeighted>
      <UnitOfMeasure>יחידה</UnitOfMeasure>
      <QtyInPackage>1</QtyInPackage>
      <ItemPrice>45.90</ItemPrice>
      <UnitOfMeasurePrice>45.90</UnitOfMeasurePrice>
      <AllowDiscount>1</AllowDiscount>
      <ItemStatus>1</ItemStatus>
    </Item>
    <Item>
      <PriceUpdateDate>2020-01-20 00:14</PriceUpdateDate>
      <ItemCode>3600530746613</ItemCode>
      <ItemType>1</ItemType>
      <ItemName>מייקאפ פיט מי 250</ItemName>
      <ManufacturerName>סופרוג'ם</ManufacturerName>
      <ManufactureCountry>FR</ManufactureCountry>
      <ManufacturerItemDescription>מייקאפ פיט מי</ManufacturerItemDescription>
      <UnitQty>יחידה</UnitQty>
      <Quantity>1.00</Quantity>
      <bIsWeighted>0</bIsWeighted>
      <UnitOfMeasure>יחידה</UnitOfMeasure>
      <QtyInPackage>1</QtyInPackage>
      <ItemPrice>54.90</ItemPrice>
      <UnitOfMeasurePrice>54.90</UnitOfMeasurePrice>
      <AllowDiscount>1</AllowDiscount>
      <ItemStatus>1</ItemStatus>
    </Item>
    <Item>
      <PriceUpdateDate>2020-01-20 00:14</PriceUpdateDate>
      <ItemCode>3600530854370</ItemCode>
      <ItemType>1</ItemType>
      <ItemName>פודרה סופרסטיי 24שעות 20</ItemName>
      <ManufacturerName>סייפו</ManufacturerName>
      <ManufactureCountry>IT</ManufactureCountry>
      <ManufacturerItemDescription>פודרה סופרסטיי</ManufacturerItemDescription>
      <UnitQty>יחידה</UnitQty>
      <Quantity>1.00</Quantity>
      <bIsWeighted>0</bIsWeighted>
      <UnitOfMeasure>יחידה</UnitOfMeasure>
      <QtyInPackage>0</QtyInPackage>
      <ItemPrice>34.90</ItemPrice>
      <UnitOfMeasurePrice>34.90</UnitOfMeasurePrice>
      <AllowDiscount>1</AllowDiscount>
      <ItemStatus>1</ItemStatus>
    </Item>
    <Item>
      <PriceUpdateDate>2020-01-20 00:14</PriceUpdateDate>
      <ItemCode>3600530910946</ItemCode>
      <ItemType>1</ItemType>
      <ItemName>מסקרה לעיצוב גבות חום</ItemName>
      <ManufacturerName>סייפו</ManufacturerName>
      <ManufactureCountry>IT</ManufactureCountry>
      <ManufacturerItemDescription>מסקרה לגבות</ManufacturerItemDescription>
      <UnitQty>יחידה</UnitQty>
      <Quantity>1.00</Quantity>
      <bIsWeighted>0</bIsWeighted>
      <UnitOfMeasure>יחידה</UnitOfMeasure>
      <QtyInPackage>0</QtyInPackage>
      <ItemPrice>29.90</ItemPrice>
      <UnitOfMeasurePrice>29.90</UnitOfMeasurePrice>
      <AllowDiscount>1</AllowDiscount>
      <ItemStatus>1</ItemStatus>
    </Item>
    <Item>
      <PriceUpdateDate>2020-01-20 00:14</PriceUpdateDate>
      <ItemCode>3600530910960</ItemCode>
      <ItemType>1</ItemType>
      <ItemName>מסקרה לגבות חום כהה</ItemName>
      <ManufacturerName>סייפו</ManufacturerName>
      <ManufactureCountry>IT</ManufactureCountry>
      <ManufacturerItemDescription>מסקרה לגבות</ManufacturerItemDescription>
      <UnitQty>יחידה</UnitQty>
      <Quantity>1.00</Quantity>
      <bIsWeighted>0</bIsWeighted>
      <UnitOfMeasure>יחידה</UnitOfMeasure>
      <QtyInPackage>0</QtyInPackage>
      <ItemPrice>29.90</ItemPrice>
      <UnitOfMeasurePrice>29.90</UnitOfMeasurePrice>
      <AllowDiscount>1</AllowDiscount>
      <ItemStatus>1</ItemStatus>
    </Item>
    <Item>
      <PriceUpdateDate>2020-01-20 00:14</PriceUpdateDate>
      <ItemCode>3600531084806</ItemCode>
      <ItemType>1</ItemType>
      <ItemName>KAJAL COLOSSAL עפרון</ItemName>
      <ManufacturerName>סייפו</ManufacturerName>
      <ManufactureCountry>DE</ManufactureCountry>
      <ManufacturerItemDescription>KAJAL COLOSSAL</ManufacturerItemDescription>
      <UnitQty>יחידה</UnitQty>
      <Quantity>1.00</Quantity>
      <bIsWeighted>0</bIsWeighted>
      <UnitOfMeasure>יחידה</UnitOfMeasure>
      <QtyInPackage>1</QtyInPackage>
      <ItemPrice>19.90</ItemPrice>
      <UnitOfMeasurePrice>19.90</UnitOfMeasurePrice>
      <AllowDiscount>1</AllowDiscount>
      <ItemStatus>1</ItemStatus>
    </Item>
    <Item>
      <PriceUpdateDate>2020-01-20 00:14</PriceUpdateDate>
      <ItemCode>3600531086459</ItemCode>
      <ItemType>1</ItemType>
      <ItemName>מסקרה לעיצוב גבות שקוף</ItemName>
      <ManufacturerName>סייפו</ManufacturerName>
      <ManufactureCountry>IT</ManufactureCountry>
      <ManufacturerItemDescription>מסקרה גבות</ManufacturerItemDescription>
      <UnitQty>יחידה</UnitQty>
      <Quantity>1.00</Quantity>
      <bIsWeighted>0</bIsWeighted>
      <UnitOfMeasure>יחידה</UnitOfMeasure>
      <QtyInPackage>1</QtyInPackage>
      <ItemPrice>29.90</ItemPrice>
      <UnitOfMeasurePrice>29.90</UnitOfMeasurePrice>
      <AllowDiscount>1</AllowDiscount>
      <ItemStatus>1</ItemStatus>
    </Item>
    <Item>
      <PriceUpdateDate>2020-01-20 00:14</PriceUpdateDate>
      <ItemCode>3600531143459</ItemCode>
      <ItemType>1</ItemType>
      <ItemName>SENSATIONAL LASH מסקרה</ItemName>
      <ManufacturerName>סייפו</ManufacturerName>
      <ManufactureCountry>IT</ManufactureCountry>
      <ManufacturerItemDescription>מסקרה</ManufacturerItemDescription>
      <UnitQty>יחידה</UnitQty>
      <Quantity>1.00</Quantity>
      <bIsWeighted>0</bIsWeighted>
      <UnitOfMeasure>יחידה</UnitOfMeasure>
      <QtyInPackage>1</QtyInPackage>
      <ItemPrice>39.90</ItemPrice>
      <UnitOfMeasurePrice>39.90</UnitOfMeasurePrice>
      <AllowDiscount>1</AllowDiscount>
      <ItemStatus>1</ItemStatus>
    </Item>
    <Item>
      <PriceUpdateDate>2020-01-20 00:14</PriceUpdateDate>
      <ItemCode>3600531319687</ItemCode>
      <ItemType>1</ItemType>
      <ItemName>מייב.סטיק פיסול כהה</ItemName>
      <ManufacturerName>מייבלין</ManufacturerName>
      <ManufactureCountry>IL</ManufactureCountry>
      <ManufacturerItemDescription>מייב.סטיק פיסול</ManufacturerItemDescription>
      <UnitQty>יחידה</UnitQty>
      <Quantity>1.00</Quantity>
      <bIsWeighted>0</bIsWeighted>
      <UnitOfMeasure>יחידה</UnitOfMeasure>
      <QtyInPackage>0</QtyInPackage>
      <ItemPrice>34.90</ItemPrice>
      <UnitOfMeasurePrice>34.90</UnitOfMeasurePrice>
      <AllowDiscount>1</AllowDiscount>
      <ItemStatus>1</ItemStatus>
    </Item>
    <Item>
      <PriceUpdateDate>2020-02-21 08:25</PriceUpdateDate>
      <ItemCode>3600531324513</ItemCode>
      <ItemType>1</ItemType>
      <ItemName>מייק אפ פיט מי מאט 115</ItemName>
      <ManufacturerName>סופרוג'ם</ManufacturerName>
      <ManufactureCountry>FR</ManufactureCountry>
      <ManufacturerItemDescription>מייק אפ</ManufacturerItemDescription>
      <UnitQty>יחידה</UnitQty>
      <Quantity>1.00</Quantity>
      <bIsWeighted>0</bIsWeighted>
      <UnitOfMeasure>יחידה</UnitOfMeasure>
      <QtyInPackage>0</QtyInPackage>
      <ItemPrice>51.90</ItemPrice>
      <UnitOfMeasurePrice>51.90</UnitOfMeasurePrice>
      <AllowDiscount>1</AllowDiscount>
      <ItemStatus>1</ItemStatus>
    </Item>
    <Item>
      <PriceUpdateDate>2020-01-20 00:14</PriceUpdateDate>
      <ItemCode>3600531342265</ItemCode>
      <ItemType>1</ItemType>
      <ItemName>מייק אפ מאסטר סטרובנג100</ItemName>
      <ManufacturerName>ווקרל</ManufacturerName>
      <ManufactureCountry>DE</ManufactureCountry>
      <ManufacturerItemDescription>מייק אפ</ManufacturerItemDescription>
      <UnitQty>יחידה</UnitQty>
      <Quantity>1.00</Quantity>
      <bIsWeighted>0</bIsWeighted>
      <UnitOfMeasure>יחידה</UnitOfMeasure>
      <QtyInPackage>0</QtyInPackage>
      <ItemPrice>34.90</ItemPrice>
      <UnitOfMeasurePrice>34.90</UnitOfMeasurePrice>
      <AllowDiscount>1</AllowDiscount>
      <ItemStatus>1</ItemStatus>
    </Item>
    <Item>
      <PriceUpdateDate>2020-01-20 00:14</PriceUpdateDate>
      <ItemCode>3600531357610</ItemCode>
      <ItemType>1</ItemType>
      <ItemName>עפרון  גבות פרסייס יח'</ItemName>
      <ManufacturerName>כללי</ManufacturerName>
      <ManufactureCountry>IL</ManufactureCountry>
      <ManufacturerItemDescription>עפרון גבות פרסיי</ManufacturerItemDescription>
      <UnitQty>יחידה</UnitQty>
      <Quantity>1.00</Quantity>
      <bIsWeighted>0</bIsWeighted>
      <UnitOfMeasure>יחידה</UnitOfMeasure>
      <QtyInPackage>1</QtyInPackage>
      <ItemPrice>25.00</ItemPrice>
      <UnitOfMeasurePrice>25.00</UnitOfMeasurePrice>
      <AllowDiscount>1</AllowDiscount>
      <ItemStatus>1</ItemStatus>
    </Item>
    <Item>
      <PriceUpdateDate>2020-10-10 12:00</PriceUpdateDate>
      <ItemCode>3600531365837</ItemCode>
      <ItemType>1</ItemType>
      <ItemName>STAY SUPER שפתון 553 יח'</ItemName>
      <ManufacturerName>סופרוג'ם</ManufacturerName>
      <ManufactureCountry>FR</ManufactureCountry>
      <ManufacturerItemDescription>STAY SUPER 553</ManufacturerItemDescription>
      <UnitQty>יחידה</UnitQty>
      <Quantity>1.00</Quantity>
      <bIsWeighted>0</bIsWeighted>
      <UnitOfMeasure>יחידה</UnitOfMeasure>
      <QtyInPackage>1</QtyInPackage>
      <ItemPrice>33.00</ItemPrice>
      <UnitOfMeasurePrice>33.00</UnitOfMeasurePrice>
      <AllowDiscount>1</AllowDiscount>
      <ItemStatus>1</ItemStatus>
    </Item>
    <Item>
      <PriceUpdateDate>2020-10-10 12:00</PriceUpdateDate>
      <ItemCode>3600531401870</ItemCode>
      <ItemType>1</ItemType>
      <ItemName>מייק אפ סופרסטיי 10 יח</ItemName>
      <ManufacturerName>סופרוג'ם</ManufacturerName>
      <ManufactureCountry>FR</ManufactureCountry>
      <ManufacturerItemDescription>מייק אפ סופרסטיי</ManufacturerItemDescription>
      <UnitQty>יחידה</UnitQty>
      <Quantity>1.00</Quantity>
      <bIsWeighted>0</bIsWeighted>
      <UnitOfMeasure>יחידה</UnitOfMeasure>
      <QtyInPackage>1</QtyInPackage>
      <ItemPrice>33.00</ItemPrice>
      <UnitOfMeasurePrice>33.00</UnitOfMeasurePrice>
      <AllowDiscount>1</AllowDiscount>
      <ItemStatus>1</ItemStatus>
    </Item>
    <Item>
      <PriceUpdateDate>2020-02-23 15:00</PriceUpdateDate>
      <ItemCode>3600531411107</ItemCode>
      <ItemType>1</ItemType>
      <ItemName>שפתון סופר סטיי מאט15</ItemName>
      <ManufacturerName>כללי</ManufacturerName>
      <ManufactureCountry>IL</ManufactureCountry>
      <ManufacturerItemDescription>שפתון סופר סטיי</ManufacturerItemDescription>
      <UnitQty>יחידה</UnitQty>
      <Quantity>1.00</Quantity>
      <bIsWeighted>0</bIsWeighted>
      <UnitOfMeasure>יחידה</UnitOfMeasure>
      <QtyInPackage>1</QtyInPackage>
      <ItemPrice>43.90</ItemPrice>
      <UnitOfMeasurePrice>43.90</UnitOfMeasurePrice>
      <AllowDiscount>1</AllowDiscount>
      <ItemStatus>1</ItemStatus>
    </Item>
    <Item>
      <PriceUpdateDate>2020-02-23 15:00</PriceUpdateDate>
      <ItemCode>3600531417758</ItemCode>
      <ItemType>1</ItemType>
      <ItemName>ג'ל גבות ברואו טאטו2 יח'</ItemName>
      <ManufacturerName>כללי</ManufacturerName>
      <ManufactureCountry>IL</ManufactureCountry>
      <ManufacturerItemDescription>ג'ל גבות ברואו ט</ManufacturerItemDescription>
      <UnitQty>יחידה</UnitQty>
      <Quantity>1.00</Quantity>
      <bIsWeighted>0</bIsWeighted>
      <UnitOfMeasure>יחידה</UnitOfMeasure>
      <QtyInPackage>1</QtyInPackage>
      <ItemPrice>41.90</ItemPrice>
      <UnitOfMeasurePrice>41.90</UnitOfMeasurePrice>
      <AllowDiscount>1</AllowDiscount>
      <ItemStatus>1</ItemStatus>
    </Item>
    <Item>
      <PriceUpdateDate>2020-02-28 00:48</PriceUpdateDate>
      <ItemCode>3600531442903</ItemCode>
      <ItemType>1</ItemType>
      <ItemName>עיפרון גבות טאטו 120</ItemName>
      <ManufacturerName>כללי</ManufacturerName>
      <ManufactureCountry>IL</ManufactureCountry>
      <ManufacturerItemDescription>עיפרון גבות טאטו</ManufacturerItemDescription>
      <UnitQty>יחידה</UnitQty>
      <Quantity>1.00</Quantity>
      <bIsWeighted>0</bIsWeighted>
      <UnitOfMeasure>יחידה</UnitOfMeasure>
      <QtyInPackage>0</QtyInPackage>
      <ItemPrice>30.00</ItemPrice>
      <UnitOfMeasurePrice>30.00</UnitOfMeasurePrice>
      <AllowDiscount>1</AllowDiscount>
      <ItemStatus>1</ItemStatus>
    </Item>
    <Item>
      <PriceUpdateDate>2020-02-23 15:00</PriceUpdateDate>
      <ItemCode>3600531465193</ItemCode>
      <ItemType>1</ItemType>
      <ItemName>קונסילר ספוג 08 יח'</ItemName>
      <ManufacturerName>מייבלין</ManufacturerName>
      <ManufactureCountry>FR</ManufactureCountry>
      <ManufacturerItemDescription>קונסילר ספוג 08</ManufacturerItemDescription>
      <UnitQty>יחידה</UnitQty>
      <Quantity>1.00</Quantity>
      <bIsWeighted>0</bIsWeighted>
      <UnitOfMeasure>יחידה</UnitOfMeasure>
      <QtyInPackage>1</QtyInPackage>
      <ItemPrice>45.90</ItemPrice>
      <UnitOfMeasurePrice>45.90</UnitOfMeasurePrice>
      <AllowDiscount>1</AllowDiscount>
      <ItemStatus>1</ItemStatus>
    </Item>
    <Item>
      <PriceUpdateDate>2020-04-03 05:41</PriceUpdateDate>
      <ItemCode>3600531465247</ItemCode>
      <ItemType>1</ItemType>
      <ItemName>קונסילר 07 6 מ"ל</ItemName>
      <ManufacturerName>כללי</ManufacturerName>
      <ManufactureCountry>IL</ManufactureCountry>
      <ManufacturerItemDescription>קונסילר 07</ManufacturerItemDescription>
      <UnitQty>מיליליטרים</UnitQty>
      <Quantity>6.00</Quantity>
      <bIsWeighted>0</bIsWeighted>
      <UnitOfMeasure>100 מ"ל</UnitOfMeasure>
      <QtyInPackage>1</QtyInPackage>
      <ItemPrice>45.90</ItemPrice>
      <UnitOfMeasurePrice>765.00</UnitOfMeasurePrice>
      <AllowDiscount>1</AllowDiscount>
      <ItemStatus>1</ItemStatus>
    </Item>
    <Item>
      <PriceUpdateDate>2020-02-23 15:00</PriceUpdateDate>
      <ItemCode>3600531469412</ItemCode>
      <ItemType>1</ItemType>
      <ItemName>שפתון מאט אינק 70יח'</ItemName>
      <ManufacturerName>מייבלין</ManufacturerName>
      <ManufactureCountry>FR</ManufactureCountry>
      <ManufacturerItemDescription>שפתון מאט אינק 7</ManufacturerItemDescription>
      <UnitQty>יחידה</UnitQty>
      <Quantity>1.00</Quantity>
      <bIsWeighted>0</bIsWeighted>
      <UnitOfMeasure>יחידה</UnitOfMeasure>
      <QtyInPackage>1</QtyInPackage>
      <ItemPrice>43.90</ItemPrice>
      <UnitOfMeasurePrice>43.90</UnitOfMeasurePrice>
      <AllowDiscount>1</AllowDiscount>
      <ItemStatus>1</ItemStatus>
    </Item>
    <Item>
      <PriceUpdateDate>2020-01-20 00:14</PriceUpdateDate>
      <ItemCode>3600531484590</ItemCode>
      <ItemType>1</ItemType>
      <ItemName>פלטת טוטל טמפטשיין יח'</ItemName>
      <ManufacturerName>כללי</ManufacturerName>
      <ManufactureCountry>IT</ManufactureCountry>
      <ManufacturerItemDescription>פלטת טוטל טמפטשי</ManufacturerItemDescription>
      <UnitQty>יחידה</UnitQty>
      <Quantity>1.00</Quantity>
      <bIsWeighted>0</bIsWeighted>
      <UnitOfMeasure>יחידה</UnitOfMeasure>
      <QtyInPackage>1</QtyInPackage>
      <ItemPrice>44.90</ItemPrice>
      <UnitOfMeasurePrice>44.90</UnitOfMeasurePrice>
      <AllowDiscount>1</AllowDiscount>
      <ItemStatus>1</ItemStatus>
    </Item>
    <Item>
      <PriceUpdateDate>2020-01-20 00:14</PriceUpdateDate>
      <ItemCode>3600531507268</ItemCode>
      <ItemType>1</ItemType>
      <ItemName>מסקרה פוליסיס יח'</ItemName>
      <ManufacturerName>כללי</ManufacturerName>
      <ManufactureCountry>IT</ManufactureCountry>
      <ManufacturerItemDescription>מסקרה פוליסיס</ManufacturerItemDescription>
      <UnitQty>יחידה</UnitQty>
      <Quantity>1.00</Quantity>
      <bIsWeighted>0</bIsWeighted>
      <UnitOfMeasure>יחידה</UnitOfMeasure>
      <QtyInPackage>1</QtyInPackage>
      <ItemPrice>40.00</ItemPrice>
      <UnitOfMeasurePrice>40.00</UnitOfMeasurePrice>
      <AllowDiscount>1</AllowDiscount>
      <ItemStatus>1</ItemStatus>
    </Item>
    <Item>
      <PriceUpdateDate>2020-02-23 15:00</PriceUpdateDate>
      <ItemCode>3600531513436</ItemCode>
      <ItemType>1</ItemType>
      <ItemName>שפתון מאט אינק 130 יח'</ItemName>
      <ManufacturerName>לוריאל</ManufacturerName>
      <ManufactureCountry>FR</ManufactureCountry>
      <ManufacturerItemDescription>שפתון מאט אינק 1</ManufacturerItemDescription>
      <UnitQty>יחידה</UnitQty>
      <Quantity>1.00</Quantity>
      <bIsWeighted>0</bIsWeighted>
      <UnitOfMeasure>יחידה</UnitOfMeasure>
      <QtyInPackage>1</QtyInPackage>
      <ItemPrice>43.90</ItemPrice>
      <UnitOfMeasurePrice>43.90</UnitOfMeasurePrice>
      <AllowDiscount>1</AllowDiscount>
      <ItemStatus>1</ItemStatus>
    </Item>
    <Item>
      <PriceUpdateDate>2020-01-20 00:14</PriceUpdateDate>
      <ItemCode>3600531537531</ItemCode>
      <ItemType>1</ItemType>
      <ItemName>סומק פיטמי 35 יח'</ItemName>
      <ManufacturerName>כללי</ManufacturerName>
      <ManufactureCountry>IL</ManufactureCountry>
      <ManufacturerItemDescription>סומק פיטמי 35</ManufacturerItemDescription>
      <UnitQty>יחידה</UnitQty>
      <Quantity>1.00</Quantity>
      <bIsWeighted>0</bIsWeighted>
      <UnitOfMeasure>יחידה</UnitOfMeasure>
      <QtyInPackage>1</QtyInPackage>
      <ItemPrice>35.00</ItemPrice>
      <UnitOfMeasurePrice>35.00</UnitOfMeasurePrice>
      <AllowDiscount>1</AllowDiscount>
      <ItemStatus>1</ItemStatus>
    </Item>
    <Item>
      <PriceUpdateDate>2020-02-23 15:00</PriceUpdateDate>
      <ItemCode>3600531605681</ItemCode>
      <ItemType>1</ItemType>
      <ItemName>שפתון מאט אינק 180יח'</ItemName>
      <ManufacturerName>מייבלין</ManufacturerName>
      <ManufactureCountry>IL</ManufactureCountry>
      <ManufacturerItemDescription>שפתון מאט אינק</ManufacturerItemDescription>
      <UnitQty>יחידה</UnitQty>
      <Quantity>1.00</Quantity>
      <bIsWeighted>0</bIsWeighted>
      <UnitOfMeasure>יחידה</UnitOfMeasure>
      <QtyInPackage>1</QtyInPackage>
      <ItemPrice>43.90</ItemPrice>
      <UnitOfMeasurePrice>43.90</UnitOfMeasurePrice>
      <AllowDiscount>1</AllowDiscount>
      <ItemStatus>1</ItemStatus>
    </Item>
    <Item>
      <PriceUpdateDate>2020-10-10 21:30</PriceUpdateDate>
      <ItemCode>3600540308603</ItemCode>
      <ItemType>1</ItemType>
      <ItemName>צבע לשיער קולור נטורלס 1</ItemName>
      <ManufacturerName>קוסמופול</ManufacturerName>
      <ManufactureCountry>PL</ManufactureCountry>
      <ManufacturerItemDescription>צבע לשיער גרנייה</ManufacturerItemDescription>
      <UnitQty>יחידה</UnitQty>
      <Quantity>1.00</Quantity>
      <bIsWeighted>0</bIsWeighted>
      <UnitOfMeasure>יחידה</UnitOfMeasure>
      <QtyInPackage>0</QtyInPackage>
      <ItemPrice>19.90</ItemPrice>
      <UnitOfMeasurePrice>19.90</UnitOfMeasurePrice>
      <AllowDiscount>1</AllowDiscount>
      <ItemStatus>1</ItemStatus>
    </Item>
    <Item>
      <PriceUpdateDate>2020-10-10 21:30</PriceUpdateDate>
      <ItemCode>3600540308610</ItemCode>
      <ItemType>1</ItemType>
      <ItemName>צבע שיער קולור נטורלס 3</ItemName>
      <ManufacturerName>קוסמופול</ManufacturerName>
      <ManufactureCountry>PL</ManufactureCountry>
      <ManufacturerItemDescription>צבע לשיער גרנייה</ManufacturerItemDescription>
      <UnitQty>יחידה</UnitQty>
      <Quantity>1.00</Quantity>
      <bIsWeighted>0</bIsWeighted>
      <UnitOfMeasure>יחידה</UnitOfMeasure>
      <QtyInPackage>0</QtyInPackage>
      <ItemPrice>19.90</ItemPrice>
      <UnitOfMeasurePrice>19.90</UnitOfMeasurePrice>
      <AllowDiscount>1</AllowDiscount>
      <ItemStatus>1</ItemStatus>
    </Item>
    <Item>
      <PriceUpdateDate>2020-10-10 21:30</PriceUpdateDate>
      <ItemCode>3600540308627</ItemCode>
      <ItemType>1</ItemType>
      <ItemName>צבע לשיער קולור נטורלס 4</ItemName>
      <ManufacturerName>קוסמופול</ManufacturerName>
      <ManufactureCountry>PL</ManufactureCountry>
      <ManufacturerItemDescription>צבע לשיער גרנייה</ManufacturerItemDescription>
      <UnitQty>יחידה</UnitQty>
      <Quantity>1.00</Quantity>
      <bIsWeighted>0</bIsWeighted>
      <UnitOfMeasure>יחידה</UnitOfMeasure>
      <QtyInPackage>0</QtyInPackage>
      <ItemPrice>19.90</ItemPrice>
      <UnitOfMeasurePrice>19.90</UnitOfMeasurePrice>
      <AllowDiscount>1</AllowDiscount>
      <ItemStatus>1</ItemStatus>
    </Item>
    <Item>
      <PriceUpdateDate>2020-10-10 21:30</PriceUpdateDate>
      <ItemCode>3600540308641</ItemCode>
      <ItemType>1</ItemType>
      <ItemName>צבע שיער קולור נטורלס 6</ItemName>
      <ManufacturerName>קוסמפול</ManufacturerName>
      <ManufactureCountry>PL</ManufactureCountry>
      <ManufacturerItemDescription>צבע לשיער גרנייה</ManufacturerItemDescription>
      <UnitQty>יחידה</UnitQty>
      <Quantity>1.00</Quantity>
      <bIsWeighted>0</bIsWeighted>
      <UnitOfMeasure>יחידה</UnitOfMeasure>
      <QtyInPackage>0</QtyInPackage>
      <ItemPrice>19.90</ItemPrice>
      <UnitOfMeasurePrice>19.90</UnitOfMeasurePrice>
      <AllowDiscount>1</AllowDiscount>
      <ItemStatus>1</ItemStatus>
    </Item>
    <Item>
      <PriceUpdateDate>2020-10-10 21:30</PriceUpdateDate>
      <ItemCode>3600540308658</ItemCode>
      <ItemType>1</ItemType>
      <ItemName>צבע שיער קולור נטורלס 7</ItemName>
      <ManufacturerName>קוסמופול</ManufacturerName>
      <ManufactureCountry>PL</ManufactureCountry>
      <ManufacturerItemDescription>צבע לשיער גרניה</ManufacturerItemDescription>
      <UnitQty>יחידה</UnitQty>
      <Quantity>1.00</Quantity>
      <bIsWeighted>0</bIsWeighted>
      <UnitOfMeasure>יחידה</UnitOfMeasure>
      <QtyInPackage>0</QtyInPackage>
      <ItemPrice>19.90</ItemPrice>
      <UnitOfMeasurePrice>19.90</UnitOfMeasurePrice>
      <AllowDiscount>1</AllowDiscount>
      <ItemStatus>1</ItemStatus>
    </Item>
    <Item>
      <PriceUpdateDate>2020-10-10 21:30</PriceUpdateDate>
      <ItemCode>3600540308665</ItemCode>
      <ItemType>1</ItemType>
      <ItemName>צבע קולור נטורלס בלונד 8</ItemName>
      <ManufacturerName>קוסמופול</ManufacturerName>
      <ManufactureCountry>PL</ManufactureCountry>
      <ManufacturerItemDescription>צבע לשיער גרנייה</ManufacturerItemDescription>
      <UnitQty>יחידה</UnitQty>
      <Quantity>1.00</Quantity>
      <bIsWeighted>0</bIsWeighted>
      <UnitOfMeasure>יחידה</UnitOfMeasure>
      <QtyInPackage>0</QtyInPackage>
      <ItemPrice>19.90</ItemPrice>
      <UnitOfMeasurePrice>19.90</UnitOfMeasurePrice>
      <AllowDiscount>1</AllowDiscount>
      <ItemStatus>1</ItemStatus>
    </Item>
    <Item>
      <PriceUpdateDate>2020-10-10 21:30</PriceUpdateDate>
      <ItemCode>3600540308672</ItemCode>
      <ItemType>1</ItemType>
      <ItemName>צבע קולור נטורלס בלונד 9</ItemName>
      <ManufacturerName>קוסמופול</ManufacturerName>
      <ManufactureCountry>PL</ManufactureCountry>
      <ManufacturerItemDescription>צבע לשיער גרנייה</ManufacturerItemDescription>
      <UnitQty>יחידה</UnitQty>
      <Quantity>1.00</Quantity>
      <bIsWeighted>0</bIsWeighted>
      <UnitOfMeasure>יחידה</UnitOfMeasure>
      <QtyInPackage>0</QtyInPackage>
      <ItemPrice>19.90</ItemPrice>
      <UnitOfMeasurePrice>19.90</UnitOfMeasurePrice>
      <AllowDiscount>1</AllowDiscount>
      <ItemStatus>1</ItemStatus>
    </Item>
    <Item>
      <PriceUpdateDate>2020-10-10 21:30</PriceUpdateDate>
      <ItemCode>3600540308696</ItemCode>
      <ItemType>1</ItemType>
      <ItemName>צבע קולור נטורלס שחור2.1</ItemName>
      <ManufacturerName>קוסמופול</ManufacturerName>
      <ManufactureCountry>PL</ManufactureCountry>
      <ManufacturerItemDescription>צבע לשיער גרניה</ManufacturerItemDescription>
      <UnitQty>יחידה</UnitQty>
      <Quantity>1.00</Quantity>
      <bIsWeighted>0</bIsWeighted>
      <UnitOfMeasure>יחידה</UnitOfMeasure>
      <QtyInPackage>0</QtyInPackage>
      <ItemPrice>19.90</ItemPrice>
      <UnitOfMeasurePrice>19.90</UnitOfMeasurePrice>
      <AllowDiscount>1</AllowDiscount>
      <ItemStatus>1</ItemStatus>
    </Item>
    <Item>
      <PriceUpdateDate>2020-10-10 21:30</PriceUpdateDate>
      <ItemCode>3600540308719</ItemCode>
      <ItemType>1</ItemType>
      <ItemName>צבע קולור נטורלס 8.1</ItemName>
      <ManufacturerName>קוסמופול</ManufacturerName>
      <ManufactureCountry>PL</ManufactureCountry>
      <ManufacturerItemDescription>צבע לשיער גרנייה</ManufacturerItemDescription>
      <UnitQty>יחידה</UnitQty>
      <Quantity>1.00</Quantity>
      <bIsWeighted>0</bIsWeighted>
      <UnitOfMeasure>יחידה</UnitOfMeasure>
      <QtyInPackage>0</QtyInPackage>
      <ItemPrice>19.90</ItemPrice>
      <UnitOfMeasurePrice>19.90</UnitOfMeasurePrice>
      <AllowDiscount>1</AllowDiscount>
      <ItemStatus>1</ItemStatus>
    </Item>
    <Item>
      <PriceUpdateDate>2020-10-10 21:30</PriceUpdateDate>
      <ItemCode>3600540308900</ItemCode>
      <ItemType>1</ItemType>
      <ItemName>צבע קולור נטורלס 111</ItemName>
      <ManufacturerName>קוסמופול</ManufacturerName>
      <ManufactureCountry>PL</ManufactureCountry>
      <ManufacturerItemDescription>צבע ש.גרנייה</ManufacturerItemDescription>
      <UnitQty>יחידה</UnitQty>
      <Quantity>1.00</Quantity>
      <bIsWeighted>0</bIsWeighted>
      <UnitOfMeasure>יחידה</UnitOfMeasure>
      <QtyInPackage>0</QtyInPackage>
      <ItemPrice>19.90</ItemPrice>
      <UnitOfMeasurePrice>19.90</UnitOfMeasurePrice>
      <AllowDiscount>1</AllowDiscount>
      <ItemStatus>1</ItemStatus>
    </Item>
    <Item>
      <PriceUpdateDate>2020-10-10 21:30</PriceUpdateDate>
      <ItemCode>3600540308917</ItemCode>
      <ItemType>1</ItemType>
      <ItemName>צבע קולור נטורלס 6.34</ItemName>
      <ManufacturerName>קוסמופול</ManufacturerName>
      <ManufactureCountry>PL</ManufactureCountry>
      <ManufacturerItemDescription>צבע לשיער גרנייה</ManufacturerItemDescription>
      <UnitQty>יחידה</UnitQty>
      <Quantity>1.00</Quantity>
      <bIsWeighted>0</bIsWeighted>
      <UnitOfMeasure>יחידה</UnitOfMeasure>
      <QtyInPackage>0</QtyInPackage>
      <ItemPrice>19.90</ItemPrice>
      <UnitOfMeasurePrice>19.90</UnitOfMeasurePrice>
      <AllowDiscount>1</AllowDiscount>
      <ItemStatus>1</ItemStatus>
    </Item>
    <Item>
      <PriceUpdateDate>2020-10-10 21:30</PriceUpdateDate>
      <ItemCode>3600540308948</ItemCode>
      <ItemType>1</ItemType>
      <ItemName>צבע קולור נטורלס 113</ItemName>
      <ManufacturerName>קוסמופול</ManufacturerName>
      <ManufactureCountry>PL</ManufactureCountry>
      <ManufacturerItemDescription>צבע שיער גרנייה</ManufacturerItemDescription>
      <UnitQty>יחידה</UnitQty>
      <Quantity>1.00</Quantity>
      <bIsWeighted>0</bIsWeighted>
      <UnitOfMeasure>יחידה</UnitOfMeasure>
      <QtyInPackage>0</QtyInPackage>
      <ItemPrice>19.90</ItemPrice>
      <UnitOfMeasurePrice>19.90</UnitOfMeasurePrice>
      <AllowDiscount>1</AllowDiscount>
      <ItemStatus>1</ItemStatus>
    </Item>
    <Item>
      <PriceUpdateDate>2020-10-10 21:30</PriceUpdateDate>
      <ItemCode>3600540928863</ItemCode>
      <ItemType>1</ItemType>
      <ItemName>דאו רול אינביזיל קליר</ItemName>
      <ManufacturerName>קוסמופול</ManufacturerName>
      <ManufactureCountry>PL</ManufactureCountry>
      <ManufacturerItemDescription>דאודורנט גרנייה</ManufacturerItemDescription>
      <UnitQty>מיליליטרים</UnitQty>
      <Quantity>50.00</Quantity>
      <bIsWeighted>0</bIsWeighted>
      <UnitOfMeasure>100 מ"ל</UnitOfMeasure>
      <QtyInPackage>0</QtyInPackage>
      <ItemPrice>9.90</ItemPrice>
      <UnitOfMeasurePrice>19.80</UnitOfMeasurePrice>
      <AllowDiscount>1</AllowDiscount>
      <ItemStatus>1</ItemStatus>
    </Item>
    <Item>
      <PriceUpdateDate>2020-10-10 21:30</PriceUpdateDate>
      <ItemCode>3600541014206</ItemCode>
      <ItemType>1</ItemType>
      <ItemName>צבע קולור נטורלס 5.15</ItemName>
      <ManufacturerName>קוסמופול</ManufacturerName>
      <ManufactureCountry>PL</ManufactureCountry>
      <ManufacturerItemDescription>צבע לשיער גרנייה</ManufacturerItemDescription>
      <UnitQty>יחידה</UnitQty>
      <Quantity>1.00</Quantity>
      <bIsWeighted>0</bIsWeighted>
      <UnitOfMeasure>יחידה</UnitOfMeasure>
      <QtyInPackage>0</QtyInPackage>
      <ItemPrice>19.90</ItemPrice>
      <UnitOfMeasurePrice>19.90</UnitOfMeasurePrice>
      <AllowDiscount>1</AllowDiscount>
      <ItemStatus>1</ItemStatus>
    </Item>
    <Item>
      <PriceUpdateDate>2020-10-10 21:30</PriceUpdateDate>
      <ItemCode>3600541014305</ItemCode>
      <ItemType>1</ItemType>
      <ItemName>צבע קולור נטורלס 1/2 4</ItemName>
      <ManufacturerName>קוסמופול</ManufacturerName>
      <ManufactureCountry>PL</ManufactureCountry>
      <ManufacturerItemDescription>צבע לשיער גרנייה</ManufacturerItemDescription>
      <UnitQty>יחידה</UnitQty>
      <Quantity>1.00</Quantity>
      <bIsWeighted>0</bIsWeighted>
      <UnitOfMeasure>יחידה</UnitOfMeasure>
      <QtyInPackage>0</QtyInPackage>
      <ItemPrice>19.90</ItemPrice>
      <UnitOfMeasurePrice>19.90</UnitOfMeasurePrice>
      <AllowDiscount>1</AllowDiscount>
      <ItemStatus>1</ItemStatus>
    </Item>
    <Item>
      <PriceUpdateDate>2020-01-20 00:14</PriceUpdateDate>
      <ItemCode>3600541022072</ItemCode>
      <ItemType>1</ItemType>
      <ItemName>קרם גוף גרנייה מנגו400מל</ItemName>
      <ManufacturerName>קוסמופול</ManufacturerName>
      <ManufactureCountry>PL</ManufactureCountry>
      <ManufacturerItemDescription>קרם גוף גרנייה</ManufacturerItemDescription>
      <UnitQty>מיליליטרים</UnitQty>
      <Quantity>400.00</Quantity>
      <bIsWeighted>0</bIsWeighted>
      <UnitOfMeasure>100 מ"ל</UnitOfMeasure>
      <QtyInPackage>0</QtyInPackage>
      <ItemPrice>25.90</ItemPrice>
      <UnitOfMeasurePrice>6.48</UnitOfMeasurePrice>
      <AllowDiscount>1</AllowDiscount>
      <ItemStatus>1</ItemStatus>
    </Item>
    <Item>
      <PriceUpdateDate>2020-01-20 00:14</PriceUpdateDate>
      <ItemCode>3600541022096</ItemCode>
      <ItemType>1</ItemType>
      <ItemName>קרם גוף גרנייה שיאה400מל</ItemName>
      <ManufacturerName>קוסמופול</ManufacturerName>
      <ManufactureCountry>PL</ManufactureCountry>
      <ManufacturerItemDescription>קרם גוף גרנייה</ManufacturerItemDescription>
      <UnitQty>מיליליטרים</UnitQty>
      <Quantity>400.00</Quantity>
      <bIsWeighted>0</bIsWeighted>
      <UnitOfMeasure>100 מ"ל</UnitOfMeasure>
      <QtyInPackage>0</QtyInPackage>
      <ItemPrice>25.90</ItemPrice>
      <UnitOfMeasurePrice>6.48</UnitOfMeasurePrice>
      <AllowDiscount>1</AllowDiscount>
      <ItemStatus>1</ItemStatus>
    </Item>
    <Item>
      <PriceUpdateDate>2020-01-20 00:14</PriceUpdateDate>
      <ItemCode>3600541023291</ItemCode>
      <ItemType>1</ItemType>
      <ItemName>קרם גוף גרנייה אלוורה400</ItemName>
      <ManufacturerName>קוסמופול</ManufacturerName>
      <ManufactureCountry>PL</ManufactureCountry>
      <ManufacturerItemDescription>קרם גוף גרנייה</ManufacturerItemDescription>
      <UnitQty>מיליליטרים</UnitQty>
      <Quantity>400.00</Quantity>
      <bIsWeighted>0</bIsWeighted>
      <UnitOfMeasure>100 מ"ל</UnitOfMeasure>
      <QtyInPackage>1</QtyInPackage>
      <ItemPrice>25.90</ItemPrice>
      <UnitOfMeasurePrice>6.48</UnitOfMeasurePrice>
      <AllowDiscount>1</AllowDiscount>
      <ItemStatus>1</ItemStatus>
    </Item>
    <Item>
      <PriceUpdateDate>2020-01-20 00:13</PriceUpdateDate>
      <ItemCode>3600541029323</ItemCode>
      <ItemType>1</ItemType>
      <ItemName>ESSENTIALS מסיר איפור</ItemName>
      <ManufacturerName>סופרויאל</ManufacturerName>
      <ManufactureCountry>FR</ManufactureCountry>
      <ManufacturerItemDescription>ESSENTIALS מסיר</ManufacturerItemDescription>
      <UnitQty>מיליליטרים</UnitQty>
      <Quantity>200.00</Quantity>
      <bIsWeighted>0</bIsWeighted>
      <UnitOfMeasure>100 מ"ל</UnitOfMeasure>
      <QtyInPackage>0</QtyInPackage>
      <ItemPrice>24.90</ItemPrice>
      <UnitOfMeasurePrice>12.45</UnitOfMeasurePrice>
      <AllowDiscount>1</AllowDiscount>
      <ItemStatus>1</ItemStatus>
    </Item>
    <Item>
      <PriceUpdateDate>2020-10-10 21:30</PriceUpdateDate>
      <ItemCode>3600541033399</ItemCode>
      <ItemType>1</ItemType>
      <ItemName>דאו ספריי אינביזי קול</ItemName>
      <ManufacturerName>סופרוקוס</ManufacturerName>
      <ManufactureCountry>FR</ManufactureCountry>
      <ManufacturerItemDescription>דאו.גרנייה</ManufacturerItemDescription>
      <UnitQty>מיליליטרים</UnitQty>
      <Quantity>150.00</Quantity>
      <bIsWeighted>0</bIsWeighted>
      <UnitOfMeasure>100 מ"ל</UnitOfMeasure>
      <QtyInPackage>0</QtyInPackage>
      <ItemPrice>9.90</ItemPrice>
      <UnitOfMeasurePrice>6.60</UnitOfMeasurePrice>
      <AllowDiscount>1</AllowDiscount>
      <ItemStatus>1</ItemStatus>
    </Item>
    <Item>
      <PriceUpdateDate>2020-01-20 00:14</PriceUpdateDate>
      <ItemCode>3600541299368</ItemCode>
      <ItemType>1</ItemType>
      <ItemName>olia שחור עמוק גוון 1.0</ItemName>
      <ManufacturerName>ליברמו</ManufacturerName>
      <ManufactureCountry>BE</ManufactureCountry>
      <ManufacturerItemDescription>צבע שיער גרנייה</ManufacturerItemDescription>
      <UnitQty>יחידה</UnitQty>
      <Quantity>1.00</Quantity>
      <bIsWeighted>0</bIsWeighted>
      <UnitOfMeasure>יחידה</UnitOfMeasure>
      <QtyInPackage>0</QtyInPackage>
      <ItemPrice>37.90</ItemPrice>
      <UnitOfMeasurePrice>37.90</UnitOfMeasurePrice>
      <AllowDiscount>1</AllowDiscount>
      <ItemStatus>1</ItemStatus>
    </Item>
    <Item>
      <PriceUpdateDate>2020-10-10 20:20</PriceUpdateDate>
      <ItemCode>3600541382930</ItemCode>
      <ItemType>1</ItemType>
      <ItemName>תמיסת מיסלר</ItemName>
      <ManufacturerName>סופרויאל</ManufacturerName>
      <ManufactureCountry>PL</ManufactureCountry>
      <ManufacturerItemDescription>תמיסת מיסלר</ManufacturerItemDescription>
      <UnitQty>מיליליטרים</UnitQty>
      <Quantity>400.00</Quantity>
      <bIsWeighted>0</bIsWeighted>
      <UnitOfMeasure>100 מ"ל</UnitOfMeasure>
      <QtyInPackage>0</QtyInPackage>
      <ItemPrice>29.90</ItemPrice>
      <UnitOfMeasurePrice>7.47</UnitOfMeasurePrice>
      <AllowDiscount>1</AllowDiscount>
      <ItemStatus>1</ItemStatus>
    </Item>
    <Item>
      <PriceUpdateDate>2020-10-10 21:30</PriceUpdateDate>
      <ItemCode>3600541414051</ItemCode>
      <ItemType>1</ItemType>
      <ItemName>דאו רול אינביזיבל פרש</ItemName>
      <ManufacturerName>קוסמופול</ManufacturerName>
      <ManufactureCountry>PL</ManufactureCountry>
      <ManufacturerItemDescription>דאו.גרנייה</ManufacturerItemDescription>
      <UnitQty>מיליליטרים</UnitQty>
      <Quantity>50.00</Quantity>
      <bIsWeighted>0</bIsWeighted>
      <UnitOfMeasure>100 מ"ל</UnitOfMeasure>
      <QtyInPackage>0</QtyInPackage>
      <ItemPrice>9.90</ItemPrice>
      <UnitOfMeasurePrice>19.80</UnitOfMeasurePrice>
      <AllowDiscount>1</AllowDiscount>
      <ItemStatus>1</ItemStatus>
    </Item>
    <Item>
      <PriceUpdateDate>2020-10-10 21:30</PriceUpdateDate>
      <ItemCode>3600541448179</ItemCode>
      <ItemType>1</ItemType>
      <ItemName>דאודורנט רול אינביזיבל</ItemName>
      <ManufacturerName>ליברמו</ManufacturerName>
      <ManufactureCountry>PL</ManufactureCountry>
      <ManufacturerItemDescription>דאודורנט גרנייה</ManufacturerItemDescription>
      <UnitQty>מיליליטרים</UnitQty>
      <Quantity>50.00</Quantity>
      <bIsWeighted>0</bIsWeighted>
      <UnitOfMeasure>100 מ"ל</UnitOfMeasure>
      <QtyInPackage>1</QtyInPackage>
      <ItemPrice>9.90</ItemPrice>
      <UnitOfMeasurePrice>19.80</UnitOfMeasurePrice>
      <AllowDiscount>1</AllowDiscount>
      <ItemStatus>1</ItemStatus>
    </Item>
    <Item>
      <PriceUpdateDate>2020-10-10 21:30</PriceUpdateDate>
      <ItemCode>3600541448476</ItemCode>
      <ItemType>1</ItemType>
      <ItemName>דאו.רול קונטרול 50 מ"ל</ItemName>
      <ManufacturerName>---</ManufacturerName>
      <ManufactureCountry>FR</ManufactureCountry>
      <ManufacturerItemDescription>דאודורנט גרנייה</ManufacturerItemDescription>
      <UnitQty>מיליליטרים</UnitQty>
      <Quantity>50.00</Quantity>
      <bIsWeighted>0</bIsWeighted>
      <UnitOfMeasure>100 מ"ל</UnitOfMeasure>
      <QtyInPackage>1</QtyInPackage>
      <ItemPrice>9.90</ItemPrice>
      <UnitOfMeasurePrice>19.80</UnitOfMeasurePrice>
      <AllowDiscount>1</AllowDiscount>
      <ItemStatus>1</ItemStatus>
    </Item>
    <Item>
      <PriceUpdateDate>2020-10-10 21:30</PriceUpdateDate>
      <ItemCode>3600541466197</ItemCode>
      <ItemType>1</ItemType>
      <ItemName>דאודורנט פרו5 סגול150מ"ל</ItemName>
      <ManufacturerName>סופרוקוס</ManufacturerName>
      <ManufactureCountry>FR</ManufactureCountry>
      <ManufacturerItemDescription>דאו.גרנייה</ManufacturerItemDescription>
      <UnitQty>מיליליטרים</UnitQty>
      <Quantity>150.00</Quantity>
      <bIsWeighted>0</bIsWeighted>
      <UnitOfMeasure>100 מ"ל</UnitOfMeasure>
      <QtyInPackage>1</QtyInPackage>
      <ItemPrice>9.90</ItemPrice>
      <UnitOfMeasurePrice>6.60</UnitOfMeasurePrice>
      <AllowDiscount>1</AllowDiscount>
      <ItemStatus>1</ItemStatus>
    </Item>
    <Item>
      <PriceUpdateDate>2020-10-10 21:30</PriceUpdateDate>
      <ItemCode>3600541466265</ItemCode>
      <ItemType>1</ItemType>
      <ItemName>דאו ספריי פרוטקשיין 5</ItemName>
      <ManufacturerName>סופרוקוס</ManufacturerName>
      <ManufactureCountry>FR</ManufactureCountry>
      <ManufacturerItemDescription>דאו.גרנייה</ManufacturerItemDescription>
      <UnitQty>מיליליטרים</UnitQty>
      <Quantity>150.00</Quantity>
      <bIsWeighted>0</bIsWeighted>
      <UnitOfMeasure>100 מ"ל</UnitOfMeasure>
      <QtyInPackage>1</QtyInPackage>
      <ItemPrice>9.90</ItemPrice>
      <UnitOfMeasurePrice>6.60</UnitOfMeasurePrice>
      <AllowDiscount>1</AllowDiscount>
      <ItemStatus>1</ItemStatus>
    </Item>
    <Item>
      <PriceUpdateDate>2020-10-10 21:30</PriceUpdateDate>
      <ItemCode>3600541472044</ItemCode>
      <ItemType>1</ItemType>
      <ItemName>דאודורנט רול פרוטקשן 6</ItemName>
      <ManufacturerName>---</ManufacturerName>
      <ManufactureCountry>FR</ManufactureCountry>
      <ManufacturerItemDescription>דאו רול פרוטקשן</ManufacturerItemDescription>
      <UnitQty>מיליליטרים</UnitQty>
      <Quantity>50.00</Quantity>
      <bIsWeighted>0</bIsWeighted>
      <UnitOfMeasure>100 מ"ל</UnitOfMeasure>
      <QtyInPackage>1</QtyInPackage>
      <ItemPrice>9.90</ItemPrice>
      <UnitOfMeasurePrice>19.80</UnitOfMeasurePrice>
      <AllowDiscount>1</AllowDiscount>
      <ItemStatus>1</ItemStatus>
    </Item>
    <Item>
      <PriceUpdateDate>2020-10-10 21:30</PriceUpdateDate>
      <ItemCode>3600541518032</ItemCode>
      <ItemType>1</ItemType>
      <ItemName>דאו.רול פרוטקשן 50 מ"ל</ItemName>
      <ManufacturerName>סופרוקוס</ManufacturerName>
      <ManufactureCountry>FR</ManufactureCountry>
      <ManufacturerItemDescription>דאו.רול פרוטקשן</ManufacturerItemDescription>
      <UnitQty>מיליליטרים</UnitQty>
      <Quantity>50.00</Quantity>
      <bIsWeighted>0</bIsWeighted>
      <UnitOfMeasure>100 מ"ל</UnitOfMeasure>
      <QtyInPackage>1</QtyInPackage>
      <ItemPrice>9.90</ItemPrice>
      <UnitOfMeasurePrice>19.80</UnitOfMeasurePrice>
      <AllowDiscount>1</AllowDiscount>
      <ItemStatus>1</ItemStatus>
    </Item>
    <Item>
      <PriceUpdateDate>2020-10-10 21:30</PriceUpdateDate>
      <ItemCode>3600541740006</ItemCode>
      <ItemType>1</ItemType>
      <ItemName>דאו ספריי אקשן קונטרול</ItemName>
      <ManufacturerName>סופרוקוס</ManufacturerName>
      <ManufactureCountry>FR</ManufactureCountry>
      <ManufacturerItemDescription>דאו.גרנייה</ManufacturerItemDescription>
      <UnitQty>מיליליטרים</UnitQty>
      <Quantity>150.00</Quantity>
      <bIsWeighted>0</bIsWeighted>
      <UnitOfMeasure>100 מ"ל</UnitOfMeasure>
      <QtyInPackage>1</QtyInPackage>
      <ItemPrice>9.90</ItemPrice>
      <UnitOfMeasurePrice>6.60</UnitOfMeasurePrice>
      <AllowDiscount>1</AllowDiscount>
      <ItemStatus>1</ItemStatus>
    </Item>
    <Item>
      <PriceUpdateDate>2020-10-10 21:30</PriceUpdateDate>
      <ItemCode>3600541740051</ItemCode>
      <ItemType>1</ItemType>
      <ItemName>דאו רול אקשן קונטרול</ItemName>
      <ManufacturerName>קוסמופול</ManufacturerName>
      <ManufactureCountry>PL</ManufactureCountry>
      <ManufacturerItemDescription>דאו.גרנייה</ManufacturerItemDescription>
      <UnitQty>מיליליטרים</UnitQty>
      <Quantity>50.00</Quantity>
      <bIsWeighted>0</bIsWeighted>
      <UnitOfMeasure>100 מ"ל</UnitOfMeasure>
      <QtyInPackage>1</QtyInPackage>
      <ItemPrice>9.90</ItemPrice>
      <UnitOfMeasurePrice>19.80</UnitOfMeasurePrice>
      <AllowDiscount>1</AllowDiscount>
      <ItemStatus>1</ItemStatus>
    </Item>
    <Item>
      <PriceUpdateDate>2020-10-10 20:20</PriceUpdateDate>
      <ItemCode>3600541895508</ItemCode>
      <ItemType>1</ItemType>
      <ItemName>פיור אקטיב 3 ב1 פחם150מל</ItemName>
      <ManufacturerName>גרנייה</ManufacturerName>
      <ManufactureCountry>FR</ManufactureCountry>
      <ManufacturerItemDescription>פיור אקטיב 3 ב 1</ManufacturerItemDescription>
      <UnitQty>מיליליטרים</UnitQty>
      <Quantity>150.00</Quantity>
      <bIsWeighted>0</bIsWeighted>
      <UnitOfMeasure>100 מ"ל</UnitOfMeasure>
      <QtyInPackage>1</QtyInPackage>
      <ItemPrice>29.90</ItemPrice>
      <UnitOfMeasurePrice>19.93</UnitOfMeasurePrice>
      <AllowDiscount>1</AllowDiscount>
      <ItemStatus>1</ItemStatus>
    </Item>
    <Item>
      <PriceUpdateDate>2020-10-10 20:20</PriceUpdateDate>
      <ItemCode>3600541928169</ItemCode>
      <ItemType>1</ItemType>
      <ItemName>ניקוי נגזרת פחם פיור</ItemName>
      <ManufacturerName>קרלסרו, גרמניה</ManufacturerName>
      <ManufactureCountry>DE</ManufactureCountry>
      <ManufacturerItemDescription>ג'יל ניקוי פיור</ManufacturerItemDescription>
      <UnitQty>יחידה</UnitQty>
      <Quantity>1.00</Quantity>
      <bIsWeighted>0</bIsWeighted>
      <UnitOfMeasure>יחידה</UnitOfMeasure>
      <QtyInPackage>1</QtyInPackage>
      <ItemPrice>29.90</ItemPrice>
      <UnitOfMeasurePrice>29.90</UnitOfMeasurePrice>
      <AllowDiscount>1</AllowDiscount>
      <ItemStatus>1</ItemStatus>
    </Item>
    <Item>
      <PriceUpdateDate>2020-10-10 20:20</PriceUpdateDate>
      <ItemCode>3600541928275</ItemCode>
      <ItemType>1</ItemType>
      <ItemName>CLEANSING MICELAR מים</ItemName>
      <ManufacturerName>קוסמפול</ManufacturerName>
      <ManufactureCountry>PL</ManufactureCountry>
      <ManufacturerItemDescription>MICELAR מים</ManufacturerItemDescription>
      <UnitQty>מיליליטרים</UnitQty>
      <Quantity>400.00</Quantity>
      <bIsWeighted>0</bIsWeighted>
      <UnitOfMeasure>100 מ"ל</UnitOfMeasure>
      <QtyInPackage>1</QtyInPackage>
      <ItemPrice>29.90</ItemPrice>
      <UnitOfMeasurePrice>7.47</UnitOfMeasurePrice>
      <AllowDiscount>1</AllowDiscount>
      <ItemStatus>1</ItemStatus>
    </Item>
    <Item>
      <PriceUpdateDate>2020-10-10 20:20</PriceUpdateDate>
      <ItemCode>3600541931725</ItemCode>
      <ItemType>1</ItemType>
      <ItemName>גרנייה BB קלאסי מדיום50מ</ItemName>
      <ManufacturerName>לוריאל</ManufacturerName>
      <ManufactureCountry>FR</ManufactureCountry>
      <ManufacturerItemDescription>קרם לחות</ManufacturerItemDescription>
      <UnitQty>מיליליטרים</UnitQty>
      <Quantity>50.00</Quantity>
      <bIsWeighted>0</bIsWeighted>
      <UnitOfMeasure>100 מ"ל</UnitOfMeasure>
      <QtyInPackage>1</QtyInPackage>
      <ItemPrice>49.90</ItemPrice>
      <UnitOfMeasurePrice>99.80</UnitOfMeasurePrice>
      <AllowDiscount>1</AllowDiscount>
      <ItemStatus>1</ItemStatus>
    </Item>
    <Item>
      <PriceUpdateDate>2020-10-10 20:20</PriceUpdateDate>
      <ItemCode>3600541937475</ItemCode>
      <ItemType>1</ItemType>
      <ItemName>גרנייה פיור 3ב1לניקוי150</ItemName>
      <ManufacturerName>לוריאל</ManufacturerName>
      <ManufactureCountry>FR</ManufactureCountry>
      <ManufacturerItemDescription>גרנייה פיור ניקו</ManufacturerItemDescription>
      <UnitQty>מיליליטרים</UnitQty>
      <Quantity>150.00</Quantity>
      <bIsWeighted>0</bIsWeighted>
      <UnitOfMeasure>100 מ"ל</UnitOfMeasure>
      <QtyInPackage>1</QtyInPackage>
      <ItemPrice>29.90</ItemPrice>
      <UnitOfMeasurePrice>19.93</UnitOfMeasurePrice>
      <AllowDiscount>1</AllowDiscount>
      <ItemStatus>1</ItemStatus>
    </Item>
    <Item>
      <PriceUpdateDate>2020-01-20 00:13</PriceUpdateDate>
      <ItemCode>3600541940574</ItemCode>
      <ItemType>1</ItemType>
      <ItemName>מים מיסלארים</ItemName>
      <ManufacturerName>קוסמופול</ManufacturerName>
      <ManufactureCountry>PL</ManufactureCountry>
      <ManufacturerItemDescription>מים מיסלארים</ManufacturerItemDescription>
      <UnitQty>מיליליטרים</UnitQty>
      <Quantity>700.00</Quantity>
      <bIsWeighted>0</bIsWeighted>
      <UnitOfMeasure>100 מ"ל</UnitOfMeasure>
      <QtyInPackage>0</QtyInPackage>
      <ItemPrice>39.90</ItemPrice>
      <UnitOfMeasurePrice>5.70</UnitOfMeasurePrice>
      <AllowDiscount>1</AllowDiscount>
      <ItemStatus>1</ItemStatus>
    </Item>
    <Item>
      <PriceUpdateDate>2020-01-20 00:13</PriceUpdateDate>
      <ItemCode>3600541946699</ItemCode>
      <ItemType>1</ItemType>
      <ItemName>מסכת טישו מסק רימונים</ItemName>
      <ManufacturerName>סין</ManufacturerName>
      <ManufactureCountry>CN</ManufactureCountry>
      <ManufacturerItemDescription>מסכת טישו מסק</ManufacturerItemDescription>
      <UnitQty>יחידה</UnitQty>
      <Quantity>1.00</Quantity>
      <bIsWeighted>0</bIsWeighted>
      <UnitOfMeasure>יחידה</UnitOfMeasure>
      <QtyInPackage>1</QtyInPackage>
      <ItemPrice>14.90</ItemPrice>
      <UnitOfMeasurePrice>14.90</UnitOfMeasurePrice>
      <AllowDiscount>1</AllowDiscount>
      <ItemStatus>1</ItemStatus>
    </Item>
    <Item>
      <PriceUpdateDate>2020-01-20 00:13</PriceUpdateDate>
      <ItemCode>3600541946705</ItemCode>
      <ItemType>1</ItemType>
      <ItemName>מסכת טישו מסק תה ירוק</ItemName>
      <ManufacturerName>סין</ManufacturerName>
      <ManufactureCountry>CN</ManufactureCountry>
      <ManufacturerItemDescription>מסכת טישו מסק</ManufacturerItemDescription>
      <UnitQty>יחידה</UnitQty>
      <Quantity>1.00</Quantity>
      <bIsWeighted>0</bIsWeighted>
      <UnitOfMeasure>יחידה</UnitOfMeasure>
      <QtyInPackage>1</QtyInPackage>
      <ItemPrice>14.90</ItemPrice>
      <UnitOfMeasurePrice>14.90</UnitOfMeasurePrice>
      <AllowDiscount>1</AllowDiscount>
      <ItemStatus>1</ItemStatus>
    </Item>
    <Item>
      <PriceUpdateDate>2020-01-20 00:13</PriceUpdateDate>
      <ItemCode>3600541946712</ItemCode>
      <ItemType>1</ItemType>
      <ItemName>טישו מסק קמומיל</ItemName>
      <ManufacturerName>סין</ManufacturerName>
      <ManufactureCountry>CN</ManufactureCountry>
      <ManufacturerItemDescription>מסכת טישו מסק</ManufacturerItemDescription>
      <UnitQty>יחידה</UnitQty>
      <Quantity>1.00</Quantity>
      <bIsWeighted>0</bIsWeighted>
      <UnitOfMeasure>יחידה</UnitOfMeasure>
      <QtyInPackage>1</QtyInPackage>
      <ItemPrice>14.90</ItemPrice>
      <UnitOfMeasurePrice>14.90</UnitOfMeasurePrice>
      <AllowDiscount>1</AllowDiscount>
      <ItemStatus>1</ItemStatus>
    </Item>
    <Item>
      <PriceUpdateDate>2020-10-10 20:20</PriceUpdateDate>
      <ItemCode>3600541952720</ItemCode>
      <ItemType>1</ItemType>
      <ItemName>PURE פחם ג'ל גרגירים</ItemName>
      <ManufacturerName>סופרויאל</ManufacturerName>
      <ManufactureCountry>FR</ManufactureCountry>
      <ManufacturerItemDescription>PURE פחם ג'ל</ManufacturerItemDescription>
      <UnitQty>מיליליטרים</UnitQty>
      <Quantity>150.00</Quantity>
      <bIsWeighted>0</bIsWeighted>
      <UnitOfMeasure>100 מ"ל</UnitOfMeasure>
      <QtyInPackage>1</QtyInPackage>
      <ItemPrice>29.90</ItemPrice>
      <UnitOfMeasurePrice>19.93</UnitOfMeasurePrice>
      <AllowDiscount>1</AllowDiscount>
      <ItemStatus>1</ItemStatus>
    </Item>
    <Item>
      <PriceUpdateDate>2020-10-10 20:20</PriceUpdateDate>
      <ItemCode>3600541956223</ItemCode>
      <ItemType>1</ItemType>
      <ItemName>BRUSH EXFO ACTIVE PURE</ItemName>
      <ManufacturerName>קרלסרו, גרמניה</ManufacturerName>
      <ManufactureCountry>DE</ManufactureCountry>
      <ManufacturerItemDescription>ג'ל ניקוי עמוק</ManufacturerItemDescription>
      <UnitQty>מיליליטרים</UnitQty>
      <Quantity>150.00</Quantity>
      <bIsWeighted>0</bIsWeighted>
      <UnitOfMeasure>100 מ"ל</UnitOfMeasure>
      <QtyInPackage>1</QtyInPackage>
      <ItemPrice>29.90</ItemPrice>
      <UnitOfMeasurePrice>19.93</UnitOfMeasurePrice>
      <AllowDiscount>1</AllowDiscount>
      <ItemStatus>1</ItemStatus>
    </Item>
    <Item>
      <PriceUpdateDate>2020-10-10 21:30</PriceUpdateDate>
      <ItemCode>3600542017312</ItemCode>
      <ItemType>1</ItemType>
      <ItemName>דאו ספריי פיור אקטיב</ItemName>
      <ManufacturerName>סופרוקוס</ManufacturerName>
      <ManufactureCountry>FR</ManufactureCountry>
      <ManufacturerItemDescription>דאו.ספריי פיור</ManufacturerItemDescription>
      <UnitQty>מיליליטרים</UnitQty>
      <Quantity>150.00</Quantity>
      <bIsWeighted>0</bIsWeighted>
      <UnitOfMeasure>100 מ"ל</UnitOfMeasure>
      <QtyInPackage>1</QtyInPackage>
      <ItemPrice>9.90</ItemPrice>
      <UnitOfMeasurePrice>6.60</UnitOfMeasurePrice>
      <AllowDiscount>1</AllowDiscount>
      <ItemStatus>1</ItemStatus>
    </Item>
    <Item>
      <PriceUpdateDate>2020-10-10 21:30</PriceUpdateDate>
      <ItemCode>3600542017336</ItemCode>
      <ItemType>1</ItemType>
      <ItemName>דאודורנט רול פיור אקטיב</ItemName>
      <ManufacturerName>---</ManufacturerName>
      <ManufactureCountry>FR</ManufactureCountry>
      <ManufacturerItemDescription>דאו.גרנייה</ManufacturerItemDescription>
      <UnitQty>מיליליטרים</UnitQty>
      <Quantity>50.00</Quantity>
      <bIsWeighted>0</bIsWeighted>
      <UnitOfMeasure>100 מ"ל</UnitOfMeasure>
      <QtyInPackage>1</QtyInPackage>
      <ItemPrice>9.90</ItemPrice>
      <UnitOfMeasurePrice>19.80</UnitOfMeasurePrice>
      <AllowDiscount>1</AllowDiscount>
      <ItemStatus>1</ItemStatus>
    </Item>
    <Item>
      <PriceUpdateDate>2020-10-10 20:20</PriceUpdateDate>
      <ItemCode>3600542045636</ItemCode>
      <ItemType>1</ItemType>
      <ItemName>בוטניקל קרם לחות תה 50מל</ItemName>
      <ManufacturerName>קרלסרו, גרמניה</ManufacturerName>
      <ManufactureCountry>DE</ManufactureCountry>
      <ManufacturerItemDescription>קרם לחות תה</ManufacturerItemDescription>
      <UnitQty>מיליליטרים</UnitQty>
      <Quantity>50.00</Quantity>
      <bIsWeighted>0</bIsWeighted>
      <UnitOfMeasure>100 מ"ל</UnitOfMeasure>
      <QtyInPackage>1</QtyInPackage>
      <ItemPrice>29.90</ItemPrice>
      <UnitOfMeasurePrice>59.80</UnitOfMeasurePrice>
      <AllowDiscount>1</AllowDiscount>
      <ItemStatus>1</ItemStatus>
    </Item>
    <Item>
      <PriceUpdateDate>2020-01-20 00:13</PriceUpdateDate>
      <ItemCode>3600542050616</ItemCode>
      <ItemType>1</ItemType>
      <ItemName>בוטניקל מי פנים ענבים200</ItemName>
      <ManufacturerName>קוסמפול</ManufacturerName>
      <ManufactureCountry>PL</ManufactureCountry>
      <ManufacturerItemDescription>מי פנים ענבים</ManufacturerItemDescription>
      <UnitQty>מיליליטרים</UnitQty>
      <Quantity>200.00</Quantity>
      <bIsWeighted>0</bIsWeighted>
      <UnitOfMeasure>100 מ"ל</UnitOfMeasure>
      <QtyInPackage>1</QtyInPackage>
      <ItemPrice>24.90</ItemPrice>
      <UnitOfMeasurePrice>12.45</UnitOfMeasurePrice>
      <AllowDiscount>1</AllowDiscount>
      <ItemStatus>1</ItemStatus>
    </Item>
    <Item>
      <PriceUpdateDate>2020-01-20 00:13</PriceUpdateDate>
      <ItemCode>3600542051057</ItemCode>
      <ItemType>1</ItemType>
      <ItemName>בוטניקל מי פנים ורדים200</ItemName>
      <ManufacturerName>קוסמפול</ManufacturerName>
      <ManufactureCountry>PL</ManufactureCountry>
      <ManufacturerItemDescription>מי פנים ורדים</ManufacturerItemDescription>
      <UnitQty>מיליליטרים</UnitQty>
      <Quantity>200.00</Quantity>
      <bIsWeighted>0</bIsWeighted>
      <UnitOfMeasure>100 מ"ל</UnitOfMeasure>
      <QtyInPackage>1</QtyInPackage>
      <ItemPrice>24.90</ItemPrice>
      <UnitOfMeasurePrice>12.45</UnitOfMeasurePrice>
      <AllowDiscount>1</AllowDiscount>
      <ItemStatus>1</ItemStatus>
    </Item>
    <Item>
      <PriceUpdateDate>2020-01-20 00:13</PriceUpdateDate>
      <ItemCode>3600542052757</ItemCode>
      <ItemType>1</ItemType>
      <ItemName>בוטניקל200חלב פנים ענבים</ItemName>
      <ManufacturerName>קרלסרו, גרמניה</ManufacturerName>
      <ManufactureCountry>DE</ManufactureCountry>
      <ManufacturerItemDescription>חלב פנים ענבים</ManufacturerItemDescription>
      <UnitQty>מיליליטרים</UnitQty>
      <Quantity>200.00</Quantity>
      <bIsWeighted>0</bIsWeighted>
      <UnitOfMeasure>100 מ"ל</UnitOfMeasure>
      <QtyInPackage>1</QtyInPackage>
      <ItemPrice>24.90</ItemPrice>
      <UnitOfMeasurePrice>12.45</UnitOfMeasurePrice>
      <AllowDiscount>1</AllowDiscount>
      <ItemStatus>1</ItemStatus>
    </Item>
    <Item>
      <PriceUpdateDate>2020-01-20 00:13</PriceUpdateDate>
      <ItemCode>3600542052979</ItemCode>
      <ItemType>1</ItemType>
      <ItemName>בוטניקל200חלב פנים ורדים</ItemName>
      <ManufacturerName>קרלסרו, גרמניה</ManufacturerName>
      <ManufactureCountry>DE</ManufactureCountry>
      <ManufacturerItemDescription>חלב פנים ורדים</ManufacturerItemDescription>
      <UnitQty>מיליליטרים</UnitQty>
      <Quantity>200.00</Quantity>
      <bIsWeighted>0</bIsWeighted>
      <UnitOfMeasure>100 מ"ל</UnitOfMeasure>
      <QtyInPackage>1</QtyInPackage>
      <ItemPrice>24.90</ItemPrice>
      <UnitOfMeasurePrice>12.45</UnitOfMeasurePrice>
      <AllowDiscount>1</AllowDiscount>
      <ItemStatus>1</ItemStatus>
    </Item>
    <Item>
      <PriceUpdateDate>2020-01-20 00:13</PriceUpdateDate>
      <ItemCode>3600542097239</ItemCode>
      <ItemType>1</ItemType>
      <ItemName>מסכת טישו פחם תה</ItemName>
      <ManufacturerName>ביוטיקוס אינטרנשיונאל</ManufacturerName>
      <ManufactureCountry>CN</ManufactureCountry>
      <ManufacturerItemDescription>מסכת טישו פחם</ManufacturerItemDescription>
      <UnitQty>יחידה</UnitQty>
      <Quantity>1.00</Quantity>
      <bIsWeighted>0</bIsWeighted>
      <UnitOfMeasure>יחידה</UnitOfMeasure>
      <QtyInPackage>1</QtyInPackage>
      <ItemPrice>14.90</ItemPrice>
      <UnitOfMeasurePrice>14.90</UnitOfMeasurePrice>
      <AllowDiscount>1</AllowDiscount>
      <ItemStatus>1</ItemStatus>
    </Item>
    <Item>
      <PriceUpdateDate>2020-10-10 20:20</PriceUpdateDate>
      <ItemCode>3600542138024</ItemCode>
      <ItemType>1</ItemType>
      <ItemName>חלב פנים גרנייה מיסלר400</ItemName>
      <ManufacturerName>קרלסרו, גרמניה</ManufacturerName>
      <ManufactureCountry>DE</ManufactureCountry>
      <ManufacturerItemDescription>חלב פנים גרנייה</ManufacturerItemDescription>
      <UnitQty>מיליליטרים</UnitQty>
      <Quantity>400.00</Quantity>
      <bIsWeighted>0</bIsWeighted>
      <UnitOfMeasure>100 מ"ל</UnitOfMeasure>
      <QtyInPackage>1</QtyInPackage>
      <ItemPrice>29.90</ItemPrice>
      <UnitOfMeasurePrice>7.48</UnitOfMeasurePrice>
      <AllowDiscount>1</AllowDiscount>
      <ItemStatus>1</ItemStatus>
    </Item>
    <Item>
      <PriceUpdateDate>2020-10-10 20:20</PriceUpdateDate>
      <ItemCode>3600542168687</ItemCode>
      <ItemType>1</ItemType>
      <ItemName>מסכה מתקלפת לניקוי 50 מל</ItemName>
      <ManufacturerName>גואנגזו</ManufacturerName>
      <ManufactureCountry>FR</ManufactureCountry>
      <ManufacturerItemDescription>מסכה מתקלפת</ManufacturerItemDescription>
      <UnitQty>מיליליטרים</UnitQty>
      <Quantity>50.00</Quantity>
      <bIsWeighted>0</bIsWeighted>
      <UnitOfMeasure>100 מ"ל</UnitOfMeasure>
      <QtyInPackage>1</QtyInPackage>
      <ItemPrice>29.90</ItemPrice>
      <UnitOfMeasurePrice>59.80</UnitOfMeasurePrice>
      <AllowDiscount>1</AllowDiscount>
      <ItemStatus>1</ItemStatus>
    </Item>
    <Item>
      <PriceUpdateDate>2020-10-10 20:20</PriceUpdateDate>
      <ItemCode>3600542211024</ItemCode>
      <ItemType>1</ItemType>
      <ItemName>דאו.סטיק פיור פחם 50מ"ל</ItemName>
      <ManufacturerName>סופרוקוס</ManufacturerName>
      <ManufactureCountry>IT</ManufactureCountry>
      <ManufacturerItemDescription>דאו.סטיק פיור</ManufacturerItemDescription>
      <UnitQty>מיליליטרים</UnitQty>
      <Quantity>50.00</Quantity>
      <bIsWeighted>0</bIsWeighted>
      <UnitOfMeasure>100 מ"ל</UnitOfMeasure>
      <QtyInPackage>1</QtyInPackage>
      <ItemPrice>29.90</ItemPrice>
      <UnitOfMeasurePrice>59.80</UnitOfMeasurePrice>
      <AllowDiscount>1</AllowDiscount>
      <ItemStatus>1</ItemStatus>
    </Item>
    <Item>
      <PriceUpdateDate>2020-10-10 21:30</PriceUpdateDate>
      <ItemCode>3600542216623</ItemCode>
      <ItemType>1</ItemType>
      <ItemName>דאו. רול און קונטרול 50מ</ItemName>
      <ManufacturerName>לוריאל</ManufacturerName>
      <ManufactureCountry>FR</ManufactureCountry>
      <ManufacturerItemDescription>דאודורנט גרנייה</ManufacturerItemDescription>
      <UnitQty>מיליליטרים</UnitQty>
      <Quantity>50.00</Quantity>
      <bIsWeighted>0</bIsWeighted>
      <UnitOfMeasure>100 מ"ל</UnitOfMeasure>
      <QtyInPackage>1</QtyInPackage>
      <ItemPrice>9.90</ItemPrice>
      <UnitOfMeasurePrice>19.80</UnitOfMeasurePrice>
      <AllowDiscount>1</AllowDiscount>
      <ItemStatus>1</ItemStatus>
    </Item>
    <Item>
      <PriceUpdateDate>2020-10-10 21:30</PriceUpdateDate>
      <ItemCode>3600542216647</ItemCode>
      <ItemType>1</ItemType>
      <ItemName>דאו. גרנייה קונטרול150מל</ItemName>
      <ManufacturerName>לוריאל</ManufacturerName>
      <ManufactureCountry>FR</ManufactureCountry>
      <ManufacturerItemDescription>דאו.ספריי גרנייה</ManufacturerItemDescription>
      <UnitQty>מיליליטרים</UnitQty>
      <Quantity>150.00</Quantity>
      <bIsWeighted>0</bIsWeighted>
      <UnitOfMeasure>100 מ"ל</UnitOfMeasure>
      <QtyInPackage>1</QtyInPackage>
      <ItemPrice>9.90</ItemPrice>
      <UnitOfMeasurePrice>6.60</UnitOfMeasurePrice>
      <AllowDiscount>1</AllowDiscount>
      <ItemStatus>1</ItemStatus>
    </Item>
    <Item>
      <PriceUpdateDate>2020-01-20 00:13</PriceUpdateDate>
      <ItemCode>3600542232418</ItemCode>
      <ItemType>1</ItemType>
      <ItemName>סקראב מישמש 50 מ"ל</ItemName>
      <ManufacturerName>לוריאל פרודקשן דויטשלנד,</ManufacturerName>
      <ManufactureCountry>DE</ManufactureCountry>
      <ManufacturerItemDescription>סקראב מישמש</ManufacturerItemDescription>
      <UnitQty>מיליליטרים</UnitQty>
      <Quantity>50.00</Quantity>
      <bIsWeighted>0</bIsWeighted>
      <UnitOfMeasure>100 מ"ל</UnitOfMeasure>
      <QtyInPackage>1</QtyInPackage>
      <ItemPrice>39.90</ItemPrice>
      <UnitOfMeasurePrice>79.80</UnitOfMeasurePrice>
      <AllowDiscount>1</AllowDiscount>
      <ItemStatus>1</ItemStatus>
    </Item>
    <Item>
      <PriceUpdateDate>2020-10-10 21:30</PriceUpdateDate>
      <ItemCode>3600542245340</ItemCode>
      <ItemType>1</ItemType>
      <ItemName>צבע לשיער אוליה 1 שחור</ItemName>
      <ManufacturerName>גרנייה</ManufacturerName>
      <ManufactureCountry>PL</ManufactureCountry>
      <ManufacturerItemDescription>צבעי שיער אוליה</ManufacturerItemDescription>
      <UnitQty>יחידה</UnitQty>
      <Quantity>1.00</Quantity>
      <bIsWeighted>0</bIsWeighted>
      <UnitOfMeasure>יחידה</UnitOfMeasure>
      <QtyInPackage>1</QtyInPackage>
      <ItemPrice>26.90</ItemPrice>
      <UnitOfMeasurePrice>26.90</UnitOfMeasurePrice>
      <AllowDiscount>1</AllowDiscount>
      <ItemStatus>1</ItemStatus>
    </Item>
    <Item>
      <PriceUpdateDate>2020-10-10 21:30</PriceUpdateDate>
      <ItemCode>3600542245449</ItemCode>
      <ItemType>1</ItemType>
      <ItemName>צבע לשיער אוליה גוון 5.0</ItemName>
      <ManufacturerName>גרנייה</ManufacturerName>
      <ManufactureCountry>PL</ManufactureCountry>
      <ManufacturerItemDescription>צבע לשיער אוליה</ManufacturerItemDescription>
      <UnitQty>יחידה</UnitQty>
      <Quantity>1.00</Quantity>
      <bIsWeighted>0</bIsWeighted>
      <UnitOfMeasure>יחידה</UnitOfMeasure>
      <QtyInPackage>1</QtyInPackage>
      <ItemPrice>26.90</ItemPrice>
      <UnitOfMeasurePrice>26.90</UnitOfMeasurePrice>
      <AllowDiscount>1</AllowDiscount>
      <ItemStatus>1</ItemStatus>
    </Item>
    <Item>
      <PriceUpdateDate>2020-10-10 21:30</PriceUpdateDate>
      <ItemCode>3600542245456</ItemCode>
      <ItemType>1</ItemType>
      <ItemName>אוליה 5.3 חום זהוב יחידה</ItemName>
      <ManufacturerName>גרנייה</ManufacturerName>
      <ManufactureCountry>PL</ManufactureCountry>
      <ManufacturerItemDescription>אוליה 5.3 חום זה</ManufacturerItemDescription>
      <UnitQty>יחידה</UnitQty>
      <Quantity>1.00</Quantity>
      <bIsWeighted>0</bIsWeighted>
      <UnitOfMeasure>יחידה</UnitOfMeasure>
      <QtyInPackage>1</QtyInPackage>
      <ItemPrice>26.90</ItemPrice>
      <UnitOfMeasurePrice>26.90</UnitOfMeasurePrice>
      <AllowDiscount>1</AllowDiscount>
      <ItemStatus>1</ItemStatus>
    </Item>
    <Item>
      <PriceUpdateDate>2020-10-10 21:30</PriceUpdateDate>
      <ItemCode>3600542245487</ItemCode>
      <ItemType>1</ItemType>
      <ItemName>צבע לשיער אוליה6חום בהיר</ItemName>
      <ManufacturerName>גרנייה</ManufacturerName>
      <ManufactureCountry>PL</ManufactureCountry>
      <ManufacturerItemDescription>צבע לשיער אוליה6</ManufacturerItemDescription>
      <UnitQty>יחידה</UnitQty>
      <Quantity>1.00</Quantity>
      <bIsWeighted>0</bIsWeighted>
      <UnitOfMeasure>יחידה</UnitOfMeasure>
      <QtyInPackage>1</QtyInPackage>
      <ItemPrice>26.90</ItemPrice>
      <UnitOfMeasurePrice>26.90</UnitOfMeasurePrice>
      <AllowDiscount>1</AllowDiscount>
      <ItemStatus>1</ItemStatus>
    </Item>
    <Item>
      <PriceUpdateDate>2020-10-10 21:30</PriceUpdateDate>
      <ItemCode>3600542245548</ItemCode>
      <ItemType>1</ItemType>
      <ItemName>צבע לשיער אוליה 7 בלונד</ItemName>
      <ManufacturerName>גרנייה</ManufacturerName>
      <ManufactureCountry>PL</ManufactureCountry>
      <ManufacturerItemDescription>צבע לשיער אוליה</ManufacturerItemDescription>
      <UnitQty>יחידה</UnitQty>
      <Quantity>1.00</Quantity>
      <bIsWeighted>0</bIsWeighted>
      <UnitOfMeasure>יחידה</UnitOfMeasure>
      <QtyInPackage>1</QtyInPackage>
      <ItemPrice>26.90</ItemPrice>
      <UnitOfMeasurePrice>26.90</UnitOfMeasurePrice>
      <AllowDiscount>1</AllowDiscount>
      <ItemStatus>1</ItemStatus>
    </Item>
    <Item>
      <PriceUpdateDate>2020-10-10 21:30</PriceUpdateDate>
      <ItemCode>3600542245586</ItemCode>
      <ItemType>1</ItemType>
      <ItemName>צבע לשיער אוליה 7G בלונד</ItemName>
      <ManufacturerName>גרנייה</ManufacturerName>
      <ManufactureCountry>PL</ManufactureCountry>
      <ManufacturerItemDescription>אוליהמיני7Gבלונד</ManufacturerItemDescription>
      <UnitQty>יחידה</UnitQty>
      <Quantity>1.00</Quantity>
      <bIsWeighted>0</bIsWeighted>
      <UnitOfMeasure>יחידה</UnitOfMeasure>
      <QtyInPackage>1</QtyInPackage>
      <ItemPrice>26.90</ItemPrice>
      <UnitOfMeasurePrice>26.90</UnitOfMeasurePrice>
      <AllowDiscount>1</AllowDiscount>
      <ItemStatus>1</ItemStatus>
    </Item>
    <Item>
      <PriceUpdateDate>2020-10-10 21:30</PriceUpdateDate>
      <ItemCode>3600542245609</ItemCode>
      <ItemType>1</ItemType>
      <ItemName>אוליה מיני8.13 זהוב</ItemName>
      <ManufacturerName>גרנייה</ManufacturerName>
      <ManufactureCountry>PL</ManufactureCountry>
      <ManufacturerItemDescription>צבעי שיער אוליה</ManufacturerItemDescription>
      <UnitQty>יחידה</UnitQty>
      <Quantity>1.00</Quantity>
      <bIsWeighted>0</bIsWeighted>
      <UnitOfMeasure>יחידה</UnitOfMeasure>
      <QtyInPackage>1</QtyInPackage>
      <ItemPrice>26.90</ItemPrice>
      <UnitOfMeasurePrice>26.90</UnitOfMeasurePrice>
      <AllowDiscount>1</AllowDiscount>
      <ItemStatus>1</ItemStatus>
    </Item>
    <Item>
      <PriceUpdateDate>2020-10-10 21:30</PriceUpdateDate>
      <ItemCode>3600542245630</ItemCode>
      <ItemType>1</ItemType>
      <ItemName>צבע לשיער אוליה 9.1 בלונ</ItemName>
      <ManufacturerName>גרנייה</ManufacturerName>
      <ManufactureCountry>PL</ManufactureCountry>
      <ManufacturerItemDescription>צבעי שיער אוליה</ManufacturerItemDescription>
      <UnitQty>יחידה</UnitQty>
      <Quantity>1.00</Quantity>
      <bIsWeighted>0</bIsWeighted>
      <UnitOfMeasure>יחידה</UnitOfMeasure>
      <QtyInPackage>1</QtyInPackage>
      <ItemPrice>26.90</ItemPrice>
      <UnitOfMeasurePrice>26.90</UnitOfMeasurePrice>
      <AllowDiscount>1</AllowDiscount>
      <ItemStatus>1</ItemStatus>
    </Item>
    <Item>
      <PriceUpdateDate>2020-06-26 00:03</PriceUpdateDate>
      <ItemCode>3600542258203</ItemCode>
      <ItemType>1</ItemType>
      <ItemName>מסכת טישו לילה יח'</ItemName>
      <ManufacturerName>כללי</ManufacturerName>
      <ManufactureCountry>IL</ManufactureCountry>
      <ManufacturerItemDescription>מסכת טישו לילה</ManufacturerItemDescription>
      <UnitQty>יחידה</UnitQty>
      <Quantity>1.00</Quantity>
      <bIsWeighted>0</bIsWeighted>
      <UnitOfMeasure>יחידה</UnitOfMeasure>
      <QtyInPackage>1</QtyInPackage>
      <ItemPrice>14.90</ItemPrice>
      <UnitOfMeasurePrice>14.90</UnitOfMeasurePrice>
      <AllowDiscount>1</AllowDiscount>
      <ItemStatus>1</ItemStatus>
    </Item>
    <Item>
      <PriceUpdateDate>2020-10-10 21:30</PriceUpdateDate>
      <ItemCode>3600542281041</ItemCode>
      <ItemType>1</ItemType>
      <ItemName>קולור נטורלס 2שחור</ItemName>
      <ManufacturerName>גרנייה</ManufacturerName>
      <ManufactureCountry>FR</ManufactureCountry>
      <ManufacturerItemDescription>קולור נטורלס</ManufacturerItemDescription>
      <UnitQty>יחידה</UnitQty>
      <Quantity>1.00</Quantity>
      <bIsWeighted>0</bIsWeighted>
      <UnitOfMeasure>יחידה</UnitOfMeasure>
      <QtyInPackage>1</QtyInPackage>
      <ItemPrice>19.90</ItemPrice>
      <UnitOfMeasurePrice>19.90</UnitOfMeasurePrice>
      <AllowDiscount>1</AllowDiscount>
      <ItemStatus>1</ItemStatus>
    </Item>
    <Item>
      <PriceUpdateDate>2020-10-10 21:30</PriceUpdateDate>
      <ItemCode>3600542281058</ItemCode>
      <ItemType>1</ItemType>
      <ItemName>קולור נטורלס7.40 נחושת</ItemName>
      <ManufacturerName>גרנייה</ManufacturerName>
      <ManufactureCountry>FR</ManufactureCountry>
      <ManufacturerItemDescription>קולור נטורלס</ManufacturerItemDescription>
      <UnitQty>יחידה</UnitQty>
      <Quantity>1.00</Quantity>
      <bIsWeighted>0</bIsWeighted>
      <UnitOfMeasure>יחידה</UnitOfMeasure>
      <QtyInPackage>1</QtyInPackage>
      <ItemPrice>19.90</ItemPrice>
      <UnitOfMeasurePrice>19.90</UnitOfMeasurePrice>
      <AllowDiscount>1</AllowDiscount>
      <ItemStatus>1</ItemStatus>
    </Item>
    <Item>
      <PriceUpdateDate>2020-10-10 21:30</PriceUpdateDate>
      <ItemCode>3600542281065</ItemCode>
      <ItemType>1</ItemType>
      <ItemName>קולור נטורלס10.1בלונר</ItemName>
      <ManufacturerName>גרנייה</ManufacturerName>
      <ManufactureCountry>FR</ManufactureCountry>
      <ManufacturerItemDescription>קולור נטורלס</ManufacturerItemDescription>
      <UnitQty>יחידה</UnitQty>
      <Quantity>1.00</Quantity>
      <bIsWeighted>0</bIsWeighted>
      <UnitOfMeasure>יחידה</UnitOfMeasure>
      <QtyInPackage>1</QtyInPackage>
      <ItemPrice>19.90</ItemPrice>
      <UnitOfMeasurePrice>19.90</UnitOfMeasurePrice>
      <AllowDiscount>1</AllowDiscount>
      <ItemStatus>1</ItemStatus>
    </Item>
    <Item>
      <PriceUpdateDate>2020-10-10 21:30</PriceUpdateDate>
      <ItemCode>3600542281089</ItemCode>
      <ItemType>1</ItemType>
      <ItemName>קולור נטורלס 9.1בלונד</ItemName>
      <ManufacturerName>גרנייה</ManufacturerName>
      <ManufactureCountry>FR</ManufactureCountry>
      <ManufacturerItemDescription>קולור נטורלס</ManufacturerItemDescription>
      <UnitQty>יחידה</UnitQty>
      <Quantity>1.00</Quantity>
      <bIsWeighted>0</bIsWeighted>
      <UnitOfMeasure>יחידה</UnitOfMeasure>
      <QtyInPackage>1</QtyInPackage>
      <ItemPrice>19.90</ItemPrice>
      <UnitOfMeasurePrice>19.90</UnitOfMeasurePrice>
      <AllowDiscount>1</AllowDiscount>
      <ItemStatus>1</ItemStatus>
    </Item>
    <Item>
      <PriceUpdateDate>2020-10-10 21:30</PriceUpdateDate>
      <ItemCode>3600542281096</ItemCode>
      <ItemType>1</ItemType>
      <ItemName>קולור נטורלס 7.1בלונד אפ</ItemName>
      <ManufacturerName>גרנייה</ManufacturerName>
      <ManufactureCountry>FR</ManufactureCountry>
      <ManufacturerItemDescription>קולור נטורלס</ManufacturerItemDescription>
      <UnitQty>יחידה</UnitQty>
      <Quantity>1.00</Quantity>
      <bIsWeighted>0</bIsWeighted>
      <UnitOfMeasure>יחידה</UnitOfMeasure>
      <QtyInPackage>1</QtyInPackage>
      <ItemPrice>19.90</ItemPrice>
      <UnitOfMeasurePrice>19.90</UnitOfMeasurePrice>
      <AllowDiscount>1</AllowDiscount>
      <ItemStatus>1</ItemStatus>
    </Item>
    <Item>
      <PriceUpdateDate>2020-10-10 21:30</PriceUpdateDate>
      <ItemCode>3600542335478</ItemCode>
      <ItemType>1</ItemType>
      <ItemName>קולור נטורלס4.12 חום קרח</ItemName>
      <ManufacturerName>גרנייה</ManufacturerName>
      <ManufactureCountry>PL</ManufactureCountry>
      <ManufacturerItemDescription>קולור נטורלס4.12</ManufacturerItemDescription>
      <UnitQty>יחידה</UnitQty>
      <Quantity>1.00</Quantity>
      <bIsWeighted>0</bIsWeighted>
      <UnitOfMeasure>יחידה</UnitOfMeasure>
      <QtyInPackage>1</QtyInPackage>
      <ItemPrice>19.90</ItemPrice>
      <UnitOfMeasurePrice>19.90</UnitOfMeasurePrice>
      <AllowDiscount>1</AllowDiscount>
      <ItemStatus>1</ItemStatus>
    </Item>
    <Item>
      <PriceUpdateDate>2020-09-01 11:53</PriceUpdateDate>
      <ItemCode>3600542365796</ItemCode>
      <ItemType>1</ItemType>
      <ItemName>בוטניקל ג'ל ניקוי 200 מל</ItemName>
      <ManufacturerName>קוסמופול, פולין</ManufacturerName>
      <ManufactureCountry>PL</ManufactureCountry>
      <ManufacturerItemDescription>בוטניקל ג'ל ניקו</ManufacturerItemDescription>
      <UnitQty>מיליליטרים</UnitQty>
      <Quantity>200.00</Quantity>
      <bIsWeighted>0</bIsWeighted>
      <UnitOfMeasure>100 מ"ל</UnitOfMeasure>
      <QtyInPackage>1</QtyInPackage>
      <ItemPrice>25.00</ItemPrice>
      <UnitOfMeasurePrice>12.50</UnitOfMeasurePrice>
      <AllowDiscount>1</AllowDiscount>
      <ItemStatus>1</ItemStatus>
    </Item>
    <Item>
      <PriceUpdateDate>2020-10-10 22:10</PriceUpdateDate>
      <ItemCode>3605521034014</ItemCode>
      <ItemType>1</ItemType>
      <ItemName>BRAVE THE ONLY א.ד.ט</ItemName>
      <ManufacturerName>דיזל</ManufacturerName>
      <ManufactureCountry>FR</ManufactureCountry>
      <ManufacturerItemDescription>BRAVE THE ONLY</ManufacturerItemDescription>
      <UnitQty>מיליליטרים</UnitQty>
      <Quantity>125.00</Quantity>
      <bIsWeighted>0</bIsWeighted>
      <UnitOfMeasure>100 מ"ל</UnitOfMeasure>
      <QtyInPackage>1</QtyInPackage>
      <ItemPrice>199.00</ItemPrice>
      <UnitOfMeasurePrice>159.20</UnitOfMeasurePrice>
      <AllowDiscount>1</AllowDiscount>
      <ItemStatus>1</ItemStatus>
    </Item>
    <Item>
      <PriceUpdateDate>2020-10-10 22:40</PriceUpdateDate>
      <ItemCode>3605532423203</ItemCode>
      <ItemType>1</ItemType>
      <ItemName>טרז'ור מידנייט רוז א50.</ItemName>
      <ManufacturerName>לנקום בישום</ManufacturerName>
      <ManufactureCountry>IL</ManufactureCountry>
      <ManufacturerItemDescription>טרז'ור מידנייט ר</ManufacturerItemDescription>
      <UnitQty>מיליליטרים</UnitQty>
      <Quantity>50.00</Quantity>
      <bIsWeighted>0</bIsWeighted>
      <UnitOfMeasure>100 מ"ל</UnitOfMeasure>
      <QtyInPackage>0</QtyInPackage>
      <ItemPrice>209.00</ItemPrice>
      <UnitOfMeasurePrice>418.00</UnitOfMeasurePrice>
      <AllowDiscount>1</AllowDiscount>
      <ItemStatus>1</ItemStatus>
    </Item>
    <Item>
      <PriceUpdateDate>2020-10-10 22:40</PriceUpdateDate>
      <ItemCode>3605970416003</ItemCode>
      <ItemType>1</ItemType>
      <ItemName>Red Polo אדט לגבר 125מ"ל</ItemName>
      <ManufacturerName>לנקום בישום</ManufacturerName>
      <ManufactureCountry>US</ManufactureCountry>
      <ManufacturerItemDescription>Red Polo אדט</ManufacturerItemDescription>
      <UnitQty>מיליליטרים</UnitQty>
      <Quantity>125.00</Quantity>
      <bIsWeighted>0</bIsWeighted>
      <UnitOfMeasure>100 מ"ל</UnitOfMeasure>
      <QtyInPackage>1</QtyInPackage>
      <ItemPrice>209.00</ItemPrice>
      <UnitOfMeasurePrice>167.20</UnitOfMeasurePrice>
      <AllowDiscount>1</AllowDiscount>
      <ItemStatus>1</ItemStatus>
    </Item>
    <Item>
      <PriceUpdateDate>2020-10-10 22:40</PriceUpdateDate>
      <ItemCode>3607342635876</ItemCode>
      <ItemType>1</ItemType>
      <ItemName>קלואה לוב סטורי אדפ לאשה</ItemName>
      <ManufacturerName>איניבידואל-שסטו</ManufacturerName>
      <ManufactureCountry>IL</ManufactureCountry>
      <ManufacturerItemDescription>בושם קלואה</ManufacturerItemDescription>
      <UnitQty>מיליליטרים</UnitQty>
      <Quantity>75.00</Quantity>
      <bIsWeighted>0</bIsWeighted>
      <UnitOfMeasure>100 מ"ל</UnitOfMeasure>
      <QtyInPackage>1</QtyInPackage>
      <ItemPrice>379.00</ItemPrice>
      <UnitOfMeasurePrice>505.33</UnitOfMeasurePrice>
      <AllowDiscount>1</AllowDiscount>
      <ItemStatus>1</ItemStatus>
    </Item>
    <Item>
      <PriceUpdateDate>2020-10-10 21:00</PriceUpdateDate>
      <ItemCode>3607345264356</ItemCode>
      <ItemType>1</ItemType>
      <ItemName>ספריי גוף דינמיק פולס150</ItemName>
      <ManufacturerName>COLEPCCL</ManufacturerName>
      <ManufactureCountry>PL</ManufactureCountry>
      <ManufacturerItemDescription>ספריי גוף אדידס</ManufacturerItemDescription>
      <UnitQty>מיליליטרים</UnitQty>
      <Quantity>150.00</Quantity>
      <bIsWeighted>0</bIsWeighted>
      <UnitOfMeasure>100 מ"ל</UnitOfMeasure>
      <QtyInPackage>0</QtyInPackage>
      <ItemPrice>10.00</ItemPrice>
      <UnitOfMeasurePrice>6.67</UnitOfMeasurePrice>
      <AllowDiscount>1</AllowDiscount>
      <ItemStatus>1</ItemStatus>
    </Item>
    <Item>
      <PriceUpdateDate>2020-10-10 21:00</PriceUpdateDate>
      <ItemCode>3607345264912</ItemCode>
      <ItemType>1</ItemType>
      <ItemName>ספריי גוף אייס דייב 150מ</ItemName>
      <ManufacturerName>COLEPCCL</ManufacturerName>
      <ManufactureCountry>ES</ManufactureCountry>
      <ManufacturerItemDescription>ספריי גוף אדידס</ManufacturerItemDescription>
      <UnitQty>מיליליטרים</UnitQty>
      <Quantity>150.00</Quantity>
      <bIsWeighted>0</bIsWeighted>
      <UnitOfMeasure>100 מ"ל</UnitOfMeasure>
      <QtyInPackage>0</QtyInPackage>
      <ItemPrice>10.00</ItemPrice>
      <UnitOfMeasurePrice>6.67</UnitOfMeasurePrice>
      <AllowDiscount>1</AllowDiscount>
      <ItemStatus>1</ItemStatus>
    </Item>
    <Item>
      <PriceUpdateDate>2020-10-10 22:40</PriceUpdateDate>
      <ItemCode>3607346232385</ItemCode>
      <ItemType>1</ItemType>
      <ItemName>א.ד.פ chloe  לאשה 75 מ"ל</ItemName>
      <ManufacturerName>איניבידואל-שסטו</ManufacturerName>
      <ManufactureCountry>IL</ManufactureCountry>
      <ManufacturerItemDescription>chloe א.ד.פ לאשה</ManufacturerItemDescription>
      <UnitQty>מיליליטרים</UnitQty>
      <Quantity>75.00</Quantity>
      <bIsWeighted>0</bIsWeighted>
      <UnitOfMeasure>100 מ"ל</UnitOfMeasure>
      <QtyInPackage>1</QtyInPackage>
      <ItemPrice>389.00</ItemPrice>
      <UnitOfMeasurePrice>518.67</UnitOfMeasurePrice>
      <AllowDiscount>1</AllowDiscount>
      <ItemStatus>1</ItemStatus>
    </Item>
    <Item>
      <PriceUpdateDate>2020-10-10 22:40</PriceUpdateDate>
      <ItemCode>3607347733508</ItemCode>
      <ItemType>1</ItemType>
      <ItemName>paradiso א.ד.פ לאשה75מ"ל</ItemName>
      <ManufacturerName>לילית בישום</ManufacturerName>
      <ManufactureCountry>IL</ManufactureCountry>
      <ManufacturerItemDescription>paradiso לאשה</ManufacturerItemDescription>
      <UnitQty>מיליליטרים</UnitQty>
      <Quantity>75.00</Quantity>
      <bIsWeighted>0</bIsWeighted>
      <UnitOfMeasure>100 מ"ל</UnitOfMeasure>
      <QtyInPackage>0</QtyInPackage>
      <ItemPrice>279.00</ItemPrice>
      <UnitOfMeasurePrice>372.00</UnitOfMeasurePrice>
      <AllowDiscount>1</AllowDiscount>
      <ItemStatus>1</ItemStatus>
    </Item>
    <Item>
      <PriceUpdateDate>2020-10-11 23:00</PriceUpdateDate>
      <ItemCode>3614222000990</ItemCode>
      <ItemType>1</ItemType>
      <ItemName>ווילד פלייבוי אדט 90 מ"ל</ItemName>
      <ManufacturerName>כללי</ManufacturerName>
      <ManufactureCountry>IL</ManufactureCountry>
      <ManufacturerItemDescription>ווילד אדט פלייבל</ManufacturerItemDescription>
      <UnitQty>מיליליטרים</UnitQty>
      <Quantity>90.00</Quantity>
      <bIsWeighted>0</bIsWeighted>
      <UnitOfMeasure>100 מ"ל</UnitOfMeasure>
      <QtyInPackage>1</QtyInPackage>
      <ItemPrice>34.90</ItemPrice>
      <UnitOfMeasurePrice>38.78</UnitOfMeasurePrice>
      <AllowDiscount>1</AllowDiscount>
      <ItemStatus>1</ItemStatus>
    </Item>
    <Item>
      <PriceUpdateDate>2020-10-11 23:00</PriceUpdateDate>
      <ItemCode>3614222001188</ItemCode>
      <ItemType>1</ItemType>
      <ItemName>לונדון אדט לגבר 100 מ"ל</ItemName>
      <ManufacturerName>כללי</ManufacturerName>
      <ManufactureCountry>IL</ManufactureCountry>
      <ManufacturerItemDescription>לונדון אדט לגבר</ManufacturerItemDescription>
      <UnitQty>מיליליטרים</UnitQty>
      <Quantity>100.00</Quantity>
      <bIsWeighted>0</bIsWeighted>
      <UnitOfMeasure>100 מ"ל</UnitOfMeasure>
      <QtyInPackage>1</QtyInPackage>
      <ItemPrice>34.90</ItemPrice>
      <UnitOfMeasurePrice>34.90</UnitOfMeasurePrice>
      <AllowDiscount>1</AllowDiscount>
      <ItemStatus>1</ItemStatus>
    </Item>
    <Item>
      <PriceUpdateDate>2020-01-20 00:13</PriceUpdateDate>
      <ItemCode>3614223930722</ItemCode>
      <ItemType>1</ItemType>
      <ItemName>נאוטיקה בלו סייל אדט100</ItemName>
      <ManufacturerName>סופטאץ בישום</ManufacturerName>
      <ManufactureCountry>IL</ManufactureCountry>
      <ManufacturerItemDescription>נאוטיקה בלו סייל</ManufacturerItemDescription>
      <UnitQty>מיליליטרים</UnitQty>
      <Quantity>100.00</Quantity>
      <bIsWeighted>0</bIsWeighted>
      <UnitOfMeasure>100 מ"ל</UnitOfMeasure>
      <QtyInPackage>0</QtyInPackage>
      <ItemPrice>59.90</ItemPrice>
      <UnitOfMeasurePrice>59.90</UnitOfMeasurePrice>
      <AllowDiscount>1</AllowDiscount>
      <ItemStatus>1</ItemStatus>
    </Item>
    <Item>
      <PriceUpdateDate>2020-10-10 21:00</PriceUpdateDate>
      <ItemCode>3614224051235</ItemCode>
      <ItemType>1</ItemType>
      <ItemName>דאו.אדידס A3 פרש 200 מ"ל</ItemName>
      <ManufacturerName>COLEPCCL</ManufacturerName>
      <ManufactureCountry>PT</ManufactureCountry>
      <ManufacturerItemDescription>דאו.אדידס</ManufacturerItemDescription>
      <UnitQty>מיליליטרים</UnitQty>
      <Quantity>200.00</Quantity>
      <bIsWeighted>0</bIsWeighted>
      <UnitOfMeasure>100 מ"ל</UnitOfMeasure>
      <QtyInPackage>1</QtyInPackage>
      <ItemPrice>13.90</ItemPrice>
      <UnitOfMeasurePrice>6.95</UnitOfMeasurePrice>
      <AllowDiscount>1</AllowDiscount>
      <ItemStatus>1</ItemStatus>
    </Item>
    <Item>
      <PriceUpdateDate>2020-10-10 20:20</PriceUpdateDate>
      <ItemCode>3614225394591</ItemCode>
      <ItemType>1</ItemType>
      <ItemName>קולסטון קיט RTU 4/0 *</ItemName>
      <ManufacturerName>קוטי</ManufacturerName>
      <ManufactureCountry>DE</ManufactureCountry>
      <ManufacturerItemDescription>קולסטון קיט</ManufacturerItemDescription>
      <UnitQty>יחידה</UnitQty>
      <Quantity>1.00</Quantity>
      <bIsWeighted>0</bIsWeighted>
      <UnitOfMeasure>יחידה</UnitOfMeasure>
      <QtyInPackage>1</QtyInPackage>
      <ItemPrice>24.90</ItemPrice>
      <UnitOfMeasurePrice>24.90</UnitOfMeasurePrice>
      <AllowDiscount>1</AllowDiscount>
      <ItemStatus>1</ItemStatus>
    </Item>
    <Item>
      <PriceUpdateDate>2020-10-10 20:20</PriceUpdateDate>
      <ItemCode>3614225394607</ItemCode>
      <ItemType>1</ItemType>
      <ItemName>קולסטון קיט RTU7/0 *</ItemName>
      <ManufacturerName>HFC פרסטיג'\</ManufacturerName>
      <ManufactureCountry>DE</ManufactureCountry>
      <ManufacturerItemDescription>קולסטון קיט</ManufacturerItemDescription>
      <UnitQty>יחידה</UnitQty>
      <Quantity>1.00</Quantity>
      <bIsWeighted>0</bIsWeighted>
      <UnitOfMeasure>יחידה</UnitOfMeasure>
      <QtyInPackage>1</QtyInPackage>
      <ItemPrice>24.90</ItemPrice>
      <UnitOfMeasurePrice>24.90</UnitOfMeasurePrice>
      <AllowDiscount>1</AllowDiscount>
      <ItemStatus>1</ItemStatus>
    </Item>
    <Item>
      <PriceUpdateDate>2020-10-10 20:20</PriceUpdateDate>
      <ItemCode>3614225394638</ItemCode>
      <ItemType>1</ItemType>
      <ItemName>קולסטון קיט RTU 2/0 *</ItemName>
      <ManufacturerName>קוטי</ManufacturerName>
      <ManufactureCountry>DE</ManufactureCountry>
      <ManufacturerItemDescription>קולסטון קיט</ManufacturerItemDescription>
      <UnitQty>יחידה</UnitQty>
      <Quantity>1.00</Quantity>
      <bIsWeighted>0</bIsWeighted>
      <UnitOfMeasure>יחידה</UnitOfMeasure>
      <QtyInPackage>1</QtyInPackage>
      <ItemPrice>24.90</ItemPrice>
      <UnitOfMeasurePrice>24.90</UnitOfMeasurePrice>
      <AllowDiscount>1</AllowDiscount>
      <ItemStatus>1</ItemStatus>
    </Item>
    <Item>
      <PriceUpdateDate>2020-10-10 20:20</PriceUpdateDate>
      <ItemCode>3614226520371</ItemCode>
      <ItemType>1</ItemType>
      <ItemName>קולסטון קיט RTU8/1 *</ItemName>
      <ManufacturerName>HFC פרסטיג'\</ManufacturerName>
      <ManufactureCountry>DE</ManufactureCountry>
      <ManufacturerItemDescription>קולסטון קיט</ManufacturerItemDescription>
      <UnitQty>יחידה</UnitQty>
      <Quantity>1.00</Quantity>
      <bIsWeighted>0</bIsWeighted>
      <UnitOfMeasure>יחידה</UnitOfMeasure>
      <QtyInPackage>1</QtyInPackage>
      <ItemPrice>24.90</ItemPrice>
      <UnitOfMeasurePrice>24.90</UnitOfMeasurePrice>
      <AllowDiscount>1</AllowDiscount>
      <ItemStatus>1</ItemStatus>
    </Item>
    <Item>
      <PriceUpdateDate>2020-01-20 00:14</PriceUpdateDate>
      <ItemCode>3614226761583</ItemCode>
      <ItemType>1</ItemType>
      <ItemName>קולסטון ספריי חום בינוני</ItemName>
      <ManufacturerName>דיפלומט</ManufacturerName>
      <ManufactureCountry>DE</ManufactureCountry>
      <ManufacturerItemDescription>קולסטון ספריי</ManufacturerItemDescription>
      <UnitQty>מיליליטרים</UnitQty>
      <Quantity>75.00</Quantity>
      <bIsWeighted>0</bIsWeighted>
      <UnitOfMeasure>100 מ"ל</UnitOfMeasure>
      <QtyInPackage>1</QtyInPackage>
      <ItemPrice>39.90</ItemPrice>
      <UnitOfMeasurePrice>53.20</UnitOfMeasurePrice>
      <AllowDiscount>1</AllowDiscount>
      <ItemStatus>1</ItemStatus>
    </Item>
    <Item>
      <PriceUpdateDate>2020-01-20 00:14</PriceUpdateDate>
      <ItemCode>3614226761675</ItemCode>
      <ItemType>1</ItemType>
      <ItemName>קולסטון ספריי לכיסוי שור</ItemName>
      <ManufacturerName>דיפלומט</ManufacturerName>
      <ManufactureCountry>DE</ManufactureCountry>
      <ManufacturerItemDescription>קולסטון ספריי</ManufacturerItemDescription>
      <UnitQty>מיליליטרים</UnitQty>
      <Quantity>75.00</Quantity>
      <bIsWeighted>0</bIsWeighted>
      <UnitOfMeasure>100 מ"ל</UnitOfMeasure>
      <QtyInPackage>1</QtyInPackage>
      <ItemPrice>39.90</ItemPrice>
      <UnitOfMeasurePrice>53.20</UnitOfMeasurePrice>
      <AllowDiscount>1</AllowDiscount>
      <ItemStatus>1</ItemStatus>
    </Item>
    <Item>
      <PriceUpdateDate>2020-08-14 05:43</PriceUpdateDate>
      <ItemCode>3614228953177</ItemCode>
      <ItemType>1</ItemType>
      <ItemName>רוברטו קוואל פאונד אדט75</ItemName>
      <ManufacturerName>כללי</ManufacturerName>
      <ManufactureCountry>IL</ManufactureCountry>
      <ManufacturerItemDescription>רוברטו קוואלי פא</ManufacturerItemDescription>
      <UnitQty>מיליליטרים</UnitQty>
      <Quantity>75.00</Quantity>
      <bIsWeighted>0</bIsWeighted>
      <UnitOfMeasure>100 מ"ל</UnitOfMeasure>
      <QtyInPackage>1</QtyInPackage>
      <ItemPrice>329.00</ItemPrice>
      <UnitOfMeasurePrice>438.67</UnitOfMeasurePrice>
      <AllowDiscount>1</AllowDiscount>
      <ItemStatus>1</ItemStatus>
    </Item>
    <Item>
      <PriceUpdateDate>2020-01-20 00:13</PriceUpdateDate>
      <ItemCode>3614271994844</ItemCode>
      <ItemType>1</ItemType>
      <ItemName>PASSIONE SI א.ד.פ לאשה</ItemName>
      <ManufacturerName>לנקום בישום</ManufacturerName>
      <ManufactureCountry>IL</ManufactureCountry>
      <ManufacturerItemDescription>PASSIONE SI בושם</ManufacturerItemDescription>
      <UnitQty>מיליליטרים</UnitQty>
      <Quantity>100.00</Quantity>
      <bIsWeighted>0</bIsWeighted>
      <UnitOfMeasure>100 מ"ל</UnitOfMeasure>
      <QtyInPackage>1</QtyInPackage>
      <ItemPrice>344.00</ItemPrice>
      <UnitOfMeasurePrice>344.00</UnitOfMeasurePrice>
      <AllowDiscount>1</AllowDiscount>
      <ItemStatus>1</ItemStatus>
    </Item>
    <Item>
      <PriceUpdateDate>2020-03-12 23:28</PriceUpdateDate>
      <ItemCode>3614272164932</ItemCode>
      <ItemType>1</ItemType>
      <ItemName>ערכת ויזיונר קדמ יח'</ItemName>
      <ManufacturerName>כללי</ManufacturerName>
      <ManufactureCountry>FR</ManufactureCountry>
      <ManufacturerItemDescription>ערכת ויזיונר קדמ</ManufacturerItemDescription>
      <UnitQty>יחידה</UnitQty>
      <Quantity>1.00</Quantity>
      <bIsWeighted>0</bIsWeighted>
      <UnitOfMeasure>יחידה</UnitOfMeasure>
      <QtyInPackage>1</QtyInPackage>
      <ItemPrice>59.90</ItemPrice>
      <UnitOfMeasurePrice>59.90</UnitOfMeasurePrice>
      <AllowDiscount>1</AllowDiscount>
      <ItemStatus>1</ItemStatus>
    </Item>
    <Item>
      <PriceUpdateDate>2020-01-20 00:13</PriceUpdateDate>
      <ItemCode>3614272225718</ItemCode>
      <ItemType>1</ItemType>
      <ItemName>HE YOU אדפ 100 מ"ל</ItemName>
      <ManufacturerName>לנקום בישום</ManufacturerName>
      <ManufactureCountry>FR</ManufactureCountry>
      <ManufacturerItemDescription>HE YOU אדפ</ManufacturerItemDescription>
      <UnitQty>מיליליטרים</UnitQty>
      <Quantity>100.00</Quantity>
      <bIsWeighted>0</bIsWeighted>
      <UnitOfMeasure>100 מ"ל</UnitOfMeasure>
      <QtyInPackage>1</QtyInPackage>
      <ItemPrice>299.00</ItemPrice>
      <UnitOfMeasurePrice>299.00</UnitOfMeasurePrice>
      <AllowDiscount>1</AllowDiscount>
      <ItemStatus>1</ItemStatus>
    </Item>
    <Item>
      <PriceUpdateDate>2020-08-21 05:41</PriceUpdateDate>
      <ItemCode>3614272610552</ItemCode>
      <ItemType>1</ItemType>
      <ItemName>תיק רחצה גבר יח'</ItemName>
      <ManufacturerName>כללי</ManufacturerName>
      <ManufactureCountry>IL</ManufactureCountry>
      <ManufacturerItemDescription>תיק רחצה גבר</ManufacturerItemDescription>
      <UnitQty>יחידה</UnitQty>
      <Quantity>1.00</Quantity>
      <bIsWeighted>0</bIsWeighted>
      <UnitOfMeasure>יחידה</UnitOfMeasure>
      <QtyInPackage>1</QtyInPackage>
      <ItemPrice>49.90</ItemPrice>
      <UnitOfMeasurePrice>49.90</UnitOfMeasurePrice>
      <AllowDiscount>1</AllowDiscount>
      <ItemStatus>1</ItemStatus>
    </Item>
    <Item>
      <PriceUpdateDate>2020-10-10 22:10</PriceUpdateDate>
      <ItemCode>3614272629370</ItemCode>
      <ItemType>1</ItemType>
      <ItemName>IDOLE א.ד.פ לאשה</ItemName>
      <ManufacturerName>לנקום</ManufacturerName>
      <ManufactureCountry>FR</ManufactureCountry>
      <ManufacturerItemDescription>IDOLE א.ד.פ לאשה</ManufacturerItemDescription>
      <UnitQty>מיליליטרים</UnitQty>
      <Quantity>50.00</Quantity>
      <bIsWeighted>0</bIsWeighted>
      <UnitOfMeasure>100 מ"ל</UnitOfMeasure>
      <QtyInPackage>1</QtyInPackage>
      <ItemPrice>229.00</ItemPrice>
      <UnitOfMeasurePrice>458.00</UnitOfMeasurePrice>
      <AllowDiscount>1</AllowDiscount>
      <ItemStatus>1</ItemStatus>
    </Item>
    <Item>
      <PriceUpdateDate>2020-10-10 22:10</PriceUpdateDate>
      <ItemCode>3614272629387</ItemCode>
      <ItemType>1</ItemType>
      <ItemName>IDOLE א.ד.פ לאשה</ItemName>
      <ManufacturerName>לנקום</ManufacturerName>
      <ManufactureCountry>FR</ManufactureCountry>
      <ManufacturerItemDescription>IDOLE א.ד.פ לאשה</ManufacturerItemDescription>
      <UnitQty>מיליליטרים</UnitQty>
      <Quantity>75.00</Quantity>
      <bIsWeighted>0</bIsWeighted>
      <UnitOfMeasure>100 מ"ל</UnitOfMeasure>
      <QtyInPackage>1</QtyInPackage>
      <ItemPrice>279.00</ItemPrice>
      <UnitOfMeasurePrice>372.00</UnitOfMeasurePrice>
      <AllowDiscount>1</AllowDiscount>
      <ItemStatus>1</ItemStatus>
    </Item>
    <Item>
      <PriceUpdateDate>2020-05-08 05:39</PriceUpdateDate>
      <ItemCode>3614272943087</ItemCode>
      <ItemType>1</ItemType>
      <ItemName>אקווה דה גיו מארז יח'</ItemName>
      <ManufacturerName>כללי</ManufacturerName>
      <ManufactureCountry>FR</ManufactureCountry>
      <ManufacturerItemDescription>אקווה דה גיו מאר</ManufacturerItemDescription>
      <UnitQty>יחידה</UnitQty>
      <Quantity>1.00</Quantity>
      <bIsWeighted>0</bIsWeighted>
      <UnitOfMeasure>יחידה</UnitOfMeasure>
      <QtyInPackage>1</QtyInPackage>
      <ItemPrice>299.00</ItemPrice>
      <UnitOfMeasurePrice>299.00</UnitOfMeasurePrice>
      <AllowDiscount>1</AllowDiscount>
      <ItemStatus>1</ItemStatus>
    </Item>
    <Item>
      <PriceUpdateDate>2020-09-04 05:41</PriceUpdateDate>
      <ItemCode>3614273203470</ItemCode>
      <ItemType>1</ItemType>
      <ItemName>איידול אינטנס</ItemName>
      <ManufacturerName />
      <ManufactureCountry />
      <ManufacturerItemDescription>איידול אינטנס</ManufacturerItemDescription>
      <UnitQty>יחידה</UnitQty>
      <Quantity>1.00</Quantity>
      <bIsWeighted>0</bIsWeighted>
      <UnitOfMeasure>יחידה</UnitOfMeasure>
      <QtyInPackage>0</QtyInPackage>
      <ItemPrice>309.00</ItemPrice>
      <UnitOfMeasurePrice>309.00</UnitOfMeasurePrice>
      <AllowDiscount>1</AllowDiscount>
      <ItemStatus>1</ItemStatus>
    </Item>
    <Item>
      <PriceUpdateDate>2020-10-10 21:00</PriceUpdateDate>
      <ItemCode>3661163970448</ItemCode>
      <ItemType>1</ItemType>
      <ItemName>דאו.אדידס A3 פרש לגבר200</ItemName>
      <ManufacturerName>COLEPCCL</ManufacturerName>
      <ManufactureCountry>PT</ManufactureCountry>
      <ManufacturerItemDescription>דאודורנט אדידס</ManufacturerItemDescription>
      <UnitQty>מיליליטרים</UnitQty>
      <Quantity>200.00</Quantity>
      <bIsWeighted>0</bIsWeighted>
      <UnitOfMeasure>100 מ"ל</UnitOfMeasure>
      <QtyInPackage>0</QtyInPackage>
      <ItemPrice>13.90</ItemPrice>
      <UnitOfMeasurePrice>6.95</UnitOfMeasurePrice>
      <AllowDiscount>1</AllowDiscount>
      <ItemStatus>1</ItemStatus>
    </Item>
    <Item>
      <PriceUpdateDate>2020-10-10 21:00</PriceUpdateDate>
      <ItemCode>3661163990545</ItemCode>
      <ItemType>1</ItemType>
      <ItemName>דאו.אדידס A3 אינטנסיב200</ItemName>
      <ManufacturerName>אגריפק אס איי</ManufacturerName>
      <ManufactureCountry>PT</ManufactureCountry>
      <ManufacturerItemDescription>דאודורנט אדידס</ManufacturerItemDescription>
      <UnitQty>מיליליטרים</UnitQty>
      <Quantity>200.00</Quantity>
      <bIsWeighted>0</bIsWeighted>
      <UnitOfMeasure>100 מ"ל</UnitOfMeasure>
      <QtyInPackage>0</QtyInPackage>
      <ItemPrice>13.90</ItemPrice>
      <UnitOfMeasurePrice>6.95</UnitOfMeasurePrice>
      <AllowDiscount>1</AllowDiscount>
      <ItemStatus>1</ItemStatus>
    </Item>
    <Item>
      <PriceUpdateDate>2020-10-10 21:00</PriceUpdateDate>
      <ItemCode>3661163991580</ItemCode>
      <ItemType>1</ItemType>
      <ItemName>דאו.אדידס קול אנד קר150מ</ItemName>
      <ManufacturerName>COLEPCCL</ManufacturerName>
      <ManufactureCountry>PT</ManufactureCountry>
      <ManufacturerItemDescription>דאודורנט אדידס</ManufacturerItemDescription>
      <UnitQty>מיליליטרים</UnitQty>
      <Quantity>150.00</Quantity>
      <bIsWeighted>0</bIsWeighted>
      <UnitOfMeasure>100 מ"ל</UnitOfMeasure>
      <QtyInPackage>0</QtyInPackage>
      <ItemPrice>13.90</ItemPrice>
      <UnitOfMeasurePrice>9.27</UnitOfMeasurePrice>
      <AllowDiscount>1</AllowDiscount>
      <ItemStatus>1</ItemStatus>
    </Item>
    <Item>
      <PriceUpdateDate>2020-08-07 14:24</PriceUpdateDate>
      <ItemCode>3700066700735</ItemCode>
      <ItemType>1</ItemType>
      <ItemName>אינסורק.פיור2אדט גבר100מ</ItemName>
      <ManufacturerName>פריסיס</ManufacturerName>
      <ManufactureCountry>FR</ManufactureCountry>
      <ManufacturerItemDescription>אינסורקשיין פיור</ManufacturerItemDescription>
      <UnitQty>מיליליטרים</UnitQty>
      <Quantity>100.00</Quantity>
      <bIsWeighted>0</bIsWeighted>
      <UnitOfMeasure>100 מ"ל</UnitOfMeasure>
      <QtyInPackage>1</QtyInPackage>
      <ItemPrice>109.00</ItemPrice>
      <UnitOfMeasurePrice>109.00</UnitOfMeasurePrice>
      <AllowDiscount>1</AllowDiscount>
      <ItemStatus>1</ItemStatus>
    </Item>
    <Item>
      <PriceUpdateDate>2020-08-04 08:45</PriceUpdateDate>
      <ItemCode>3760100183313</ItemCode>
      <ItemType>1</ItemType>
      <ItemName>מסכת ניקוי רעלים 100 מ"ל</ItemName>
      <ManufacturerName>כללי</ManufacturerName>
      <ManufactureCountry>IL</ManufactureCountry>
      <ManufacturerItemDescription>מסכת ניקוי רעלים</ManufacturerItemDescription>
      <UnitQty>מיליליטרים</UnitQty>
      <Quantity>100.00</Quantity>
      <bIsWeighted>0</bIsWeighted>
      <UnitOfMeasure>100 מ"ל</UnitOfMeasure>
      <QtyInPackage>1</QtyInPackage>
      <ItemPrice>29.90</ItemPrice>
      <UnitOfMeasurePrice>29.90</UnitOfMeasurePrice>
      <AllowDiscount>1</AllowDiscount>
      <ItemStatus>1</ItemStatus>
    </Item>
    <Item>
      <PriceUpdateDate>2020-08-04 08:45</PriceUpdateDate>
      <ItemCode>3760100183504</ItemCode>
      <ItemType>1</ItemType>
      <ItemName>מסיכת פנים לשינה 50 מ"ל</ItemName>
      <ManufacturerName>כללי</ManufacturerName>
      <ManufactureCountry>IL</ManufactureCountry>
      <ManufacturerItemDescription>מסיכת פנים לשינה</ManufacturerItemDescription>
      <UnitQty>מיליליטרים</UnitQty>
      <Quantity>50.00</Quantity>
      <bIsWeighted>0</bIsWeighted>
      <UnitOfMeasure>100 מ"ל</UnitOfMeasure>
      <QtyInPackage>1</QtyInPackage>
      <ItemPrice>44.90</ItemPrice>
      <UnitOfMeasurePrice>89.80</UnitOfMeasurePrice>
      <AllowDiscount>1</AllowDiscount>
      <ItemStatus>1</ItemStatus>
    </Item>
    <Item>
      <PriceUpdateDate>2020-08-04 08:45</PriceUpdateDate>
      <ItemCode>3760100183511</ItemCode>
      <ItemType>1</ItemType>
      <ItemName>קרם יום ממריץ לעור הפנים</ItemName>
      <ManufacturerName>כללי</ManufacturerName>
      <ManufactureCountry>IL</ManufactureCountry>
      <ManufacturerItemDescription>קרם יום ממריץ לע</ManufacturerItemDescription>
      <UnitQty>מיליליטרים</UnitQty>
      <Quantity>50.00</Quantity>
      <bIsWeighted>0</bIsWeighted>
      <UnitOfMeasure>100 מ"ל</UnitOfMeasure>
      <QtyInPackage>1</QtyInPackage>
      <ItemPrice>44.90</ItemPrice>
      <UnitOfMeasurePrice>89.80</UnitOfMeasurePrice>
      <AllowDiscount>1</AllowDiscount>
      <ItemStatus>1</ItemStatus>
    </Item>
    <Item>
      <PriceUpdateDate>2020-03-22 11:54</PriceUpdateDate>
      <ItemCode>3760100680638</ItemCode>
      <ItemType>1</ItemType>
      <ItemName>שמן חוחובה 100 מ"ל</ItemName>
      <ManufacturerName>אבולודרם</ManufacturerName>
      <ManufactureCountry>FR</ManufactureCountry>
      <ManufacturerItemDescription>שמן חוחובה</ManufacturerItemDescription>
      <UnitQty>מיליליטרים</UnitQty>
      <Quantity>100.00</Quantity>
      <bIsWeighted>0</bIsWeighted>
      <UnitOfMeasure>100 מ"ל</UnitOfMeasure>
      <QtyInPackage>1</QtyInPackage>
      <ItemPrice>21.90</ItemPrice>
      <UnitOfMeasurePrice>21.90</UnitOfMeasurePrice>
      <AllowDiscount>1</AllowDiscount>
      <ItemStatus>1</ItemStatus>
    </Item>
    <Item>
      <PriceUpdateDate>2020-05-06 16:13</PriceUpdateDate>
      <ItemCode>3760100680683</ItemCode>
      <ItemType>1</ItemType>
      <ItemName>קרם גוף המכיל חמאת שיאה</ItemName>
      <ManufacturerName>אבולודרם</ManufacturerName>
      <ManufactureCountry>FR</ManufactureCountry>
      <ManufacturerItemDescription>קרם גוף המכיל חמ</ManufacturerItemDescription>
      <UnitQty>מיליליטרים</UnitQty>
      <Quantity>500.00</Quantity>
      <bIsWeighted>0</bIsWeighted>
      <UnitOfMeasure>100 מ"ל</UnitOfMeasure>
      <QtyInPackage>1</QtyInPackage>
      <ItemPrice>21.90</ItemPrice>
      <UnitOfMeasurePrice>4.38</UnitOfMeasurePrice>
      <AllowDiscount>1</AllowDiscount>
      <ItemStatus>1</ItemStatus>
    </Item>
    <Item>
      <PriceUpdateDate>2020-03-22 11:54</PriceUpdateDate>
      <ItemCode>3760100681093</ItemCode>
      <ItemType>1</ItemType>
      <ItemName>מסכה לשיער יבש ופגום 500</ItemName>
      <ManufacturerName>אבולודרם</ManufacturerName>
      <ManufactureCountry>FR</ManufactureCountry>
      <ManufacturerItemDescription>מסכה לשיער יבש</ManufacturerItemDescription>
      <UnitQty>מיליליטרים</UnitQty>
      <Quantity>500.00</Quantity>
      <bIsWeighted>0</bIsWeighted>
      <UnitOfMeasure>100 מ"ל</UnitOfMeasure>
      <QtyInPackage>1</QtyInPackage>
      <ItemPrice>26.90</ItemPrice>
      <UnitOfMeasurePrice>5.38</UnitOfMeasurePrice>
      <AllowDiscount>1</AllowDiscount>
      <ItemStatus>1</ItemStatus>
    </Item>
    <Item>
      <PriceUpdateDate>2020-05-06 16:13</PriceUpdateDate>
      <ItemCode>3760100681192</ItemCode>
      <ItemType>1</ItemType>
      <ItemName>קרם גוף המכיל שמן ארגן 5</ItemName>
      <ManufacturerName>אבולודרם</ManufacturerName>
      <ManufactureCountry>FR</ManufactureCountry>
      <ManufacturerItemDescription>קרם גוף המכיל שמ</ManufacturerItemDescription>
      <UnitQty>מיליליטרים</UnitQty>
      <Quantity>500.00</Quantity>
      <bIsWeighted>0</bIsWeighted>
      <UnitOfMeasure>100 מ"ל</UnitOfMeasure>
      <QtyInPackage>1</QtyInPackage>
      <ItemPrice>21.90</ItemPrice>
      <UnitOfMeasurePrice>4.38</UnitOfMeasurePrice>
      <AllowDiscount>1</AllowDiscount>
      <ItemStatus>1</ItemStatus>
    </Item>
    <Item>
      <PriceUpdateDate>2020-05-06 16:13</PriceUpdateDate>
      <ItemCode>3760100682571</ItemCode>
      <ItemType>1</ItemType>
      <ItemName>דאודורנט ספריי 200 מ"ל</ItemName>
      <ManufacturerName>אבולודרם</ManufacturerName>
      <ManufactureCountry>FR</ManufactureCountry>
      <ManufacturerItemDescription>דאודורנט ספריי</ManufacturerItemDescription>
      <UnitQty>מיליליטרים</UnitQty>
      <Quantity>200.00</Quantity>
      <bIsWeighted>0</bIsWeighted>
      <UnitOfMeasure>100 מ"ל</UnitOfMeasure>
      <QtyInPackage>1</QtyInPackage>
      <ItemPrice>10.90</ItemPrice>
      <UnitOfMeasurePrice>5.45</UnitOfMeasurePrice>
      <AllowDiscount>1</AllowDiscount>
      <ItemStatus>1</ItemStatus>
    </Item>
    <Item>
      <PriceUpdateDate>2020-05-06 16:13</PriceUpdateDate>
      <ItemCode>3760100682588</ItemCode>
      <ItemType>1</ItemType>
      <ItemName>דאודורנט ספריי 200 מ"ל</ItemName>
      <ManufacturerName>אבולודרם</ManufacturerName>
      <ManufactureCountry>FR</ManufactureCountry>
      <ManufacturerItemDescription>דאודורנט ספריי</ManufacturerItemDescription>
      <UnitQty>מיליליטרים</UnitQty>
      <Quantity>200.00</Quantity>
      <bIsWeighted>0</bIsWeighted>
      <UnitOfMeasure>100 מ"ל</UnitOfMeasure>
      <QtyInPackage>1</QtyInPackage>
      <ItemPrice>10.90</ItemPrice>
      <UnitOfMeasurePrice>5.45</UnitOfMeasurePrice>
      <AllowDiscount>1</AllowDiscount>
      <ItemStatus>1</ItemStatus>
    </Item>
    <Item>
      <PriceUpdateDate>2020-03-22 11:54</PriceUpdateDate>
      <ItemCode>3760100682755</ItemCode>
      <ItemType>1</ItemType>
      <ItemName>שמפו להזנה וברק 1 ליטר</ItemName>
      <ManufacturerName>אבולודרם</ManufacturerName>
      <ManufactureCountry>FR</ManufactureCountry>
      <ManufacturerItemDescription>שמפו להזנה וברק</ManufacturerItemDescription>
      <UnitQty>ליטרים</UnitQty>
      <Quantity>1.00</Quantity>
      <bIsWeighted>0</bIsWeighted>
      <UnitOfMeasure>ליטר</UnitOfMeasure>
      <QtyInPackage>1</QtyInPackage>
      <ItemPrice>21.90</ItemPrice>
      <UnitOfMeasurePrice>21.90</UnitOfMeasurePrice>
      <AllowDiscount>1</AllowDiscount>
      <ItemStatus>1</ItemStatus>
    </Item>
    <Item>
      <PriceUpdateDate>2020-03-22 11:54</PriceUpdateDate>
      <ItemCode>3760100682786</ItemCode>
      <ItemType>1</ItemType>
      <ItemName>ג'ל רחצה 1 ליטר</ItemName>
      <ManufacturerName>אבולודרם</ManufacturerName>
      <ManufactureCountry>FR</ManufactureCountry>
      <ManufacturerItemDescription>ג'ל רחצה</ManufacturerItemDescription>
      <UnitQty>ליטרים</UnitQty>
      <Quantity>1.00</Quantity>
      <bIsWeighted>0</bIsWeighted>
      <UnitOfMeasure>ליטר</UnitOfMeasure>
      <QtyInPackage>1</QtyInPackage>
      <ItemPrice>21.90</ItemPrice>
      <UnitOfMeasurePrice>21.90</UnitOfMeasurePrice>
      <AllowDiscount>1</AllowDiscount>
      <ItemStatus>1</ItemStatus>
    </Item>
    <Item>
      <PriceUpdateDate>2020-10-10 22:40</PriceUpdateDate>
      <ItemCode>3770000002775</ItemCode>
      <ItemType>1</ItemType>
      <ItemName>PERFUME A NOT א.ד.פ לאשה</ItemName>
      <ManufacturerName>כללי</ManufacturerName>
      <ManufactureCountry>IL</ManufactureCountry>
      <ManufacturerItemDescription>PERFUME A NOT</ManufacturerItemDescription>
      <UnitQty>מיליליטרים</UnitQty>
      <Quantity>100.00</Quantity>
      <bIsWeighted>0</bIsWeighted>
      <UnitOfMeasure>100 מ"ל</UnitOfMeasure>
      <QtyInPackage>1</QtyInPackage>
      <ItemPrice>349.00</ItemPrice>
      <UnitOfMeasurePrice>349.00</UnitOfMeasurePrice>
      <AllowDiscount>1</AllowDiscount>
      <ItemStatus>1</ItemStatus>
    </Item>
    <Item>
      <PriceUpdateDate>2020-01-20 00:21</PriceUpdateDate>
      <ItemCode>37977003444</ItemCode>
      <ItemType>1</ItemType>
      <ItemName>מאמ מברשות שיניים למידה</ItemName>
      <ManufacturerName>MAM</ManufacturerName>
      <ManufactureCountry>AT</ManufactureCountry>
      <ManufacturerItemDescription>מאמ מברשת שיני</ManufacturerItemDescription>
      <UnitQty>יחידה</UnitQty>
      <Quantity>1.00</Quantity>
      <bIsWeighted>0</bIsWeighted>
      <UnitOfMeasure>יחידה</UnitOfMeasure>
      <QtyInPackage>0</QtyInPackage>
      <ItemPrice>39.90</ItemPrice>
      <UnitOfMeasurePrice>39.90</UnitOfMeasurePrice>
      <AllowDiscount>1</AllowDiscount>
      <ItemStatus>1</ItemStatus>
    </Item>
    <Item>
      <PriceUpdateDate>2020-01-20 00:14</PriceUpdateDate>
      <ItemCode>3838824127149</ItemCode>
      <ItemType>1</ItemType>
      <ItemName>צבע סמי קיט פלטה מס1-1'</ItemName>
      <ManufacturerName>הנקל סוד</ManufacturerName>
      <ManufactureCountry>SI</ManufactureCountry>
      <ManufacturerItemDescription>צבע לשיער פלטה</ManufacturerItemDescription>
      <UnitQty>יחידה</UnitQty>
      <Quantity>1.00</Quantity>
      <bIsWeighted>0</bIsWeighted>
      <UnitOfMeasure>יחידה</UnitOfMeasure>
      <QtyInPackage>0</QtyInPackage>
      <ItemPrice>27.90</ItemPrice>
      <UnitOfMeasurePrice>27.90</UnitOfMeasurePrice>
      <AllowDiscount>1</AllowDiscount>
      <ItemStatus>1</ItemStatus>
    </Item>
    <Item>
      <PriceUpdateDate>2020-01-20 00:14</PriceUpdateDate>
      <ItemCode>3838824127163</ItemCode>
      <ItemType>1</ItemType>
      <ItemName>צבע סמי קיט פלטה מס10-1'</ItemName>
      <ManufacturerName>הנקל סוד</ManufacturerName>
      <ManufactureCountry>SI</ManufactureCountry>
      <ManufacturerItemDescription>צבעי שיער פלטה</ManufacturerItemDescription>
      <UnitQty>יחידה</UnitQty>
      <Quantity>1.00</Quantity>
      <bIsWeighted>0</bIsWeighted>
      <UnitOfMeasure>יחידה</UnitOfMeasure>
      <QtyInPackage>0</QtyInPackage>
      <ItemPrice>27.90</ItemPrice>
      <UnitOfMeasurePrice>27.90</UnitOfMeasurePrice>
      <AllowDiscount>1</AllowDiscount>
      <ItemStatus>1</ItemStatus>
    </Item>
    <Item>
      <PriceUpdateDate>2020-01-20 00:14</PriceUpdateDate>
      <ItemCode>3838824127200</ItemCode>
      <ItemType>1</ItemType>
      <ItemName>צבע סמי קיט פלטה מס3-0'</ItemName>
      <ManufacturerName>הנקל סוד</ManufacturerName>
      <ManufactureCountry>SI</ManufactureCountry>
      <ManufacturerItemDescription>צבע לשיער פלטה</ManufacturerItemDescription>
      <UnitQty>יחידה</UnitQty>
      <Quantity>1.00</Quantity>
      <bIsWeighted>0</bIsWeighted>
      <UnitOfMeasure>יחידה</UnitOfMeasure>
      <QtyInPackage>0</QtyInPackage>
      <ItemPrice>27.90</ItemPrice>
      <UnitOfMeasurePrice>27.90</UnitOfMeasurePrice>
      <AllowDiscount>1</AllowDiscount>
      <ItemStatus>1</ItemStatus>
    </Item>
    <Item>
      <PriceUpdateDate>2020-01-20 00:14</PriceUpdateDate>
      <ItemCode>3838824127224</ItemCode>
      <ItemType>1</ItemType>
      <ItemName>צבע סמי קיט 4-0חום בינונ</ItemName>
      <ManufacturerName>הנקל סוד</ManufacturerName>
      <ManufactureCountry>SI</ManufactureCountry>
      <ManufacturerItemDescription>צבעי שיער פלטה</ManufacturerItemDescription>
      <UnitQty>יחידה</UnitQty>
      <Quantity>1.00</Quantity>
      <bIsWeighted>0</bIsWeighted>
      <UnitOfMeasure>יחידה</UnitOfMeasure>
      <QtyInPackage>0</QtyInPackage>
      <ItemPrice>27.90</ItemPrice>
      <UnitOfMeasurePrice>27.90</UnitOfMeasurePrice>
      <AllowDiscount>1</AllowDiscount>
      <ItemStatus>1</ItemStatus>
    </Item>
    <Item>
      <PriceUpdateDate>2020-01-20 00:14</PriceUpdateDate>
      <ItemCode>3838824127248</ItemCode>
      <ItemType>1</ItemType>
      <ItemName>צבע סמי קיט 5-0 חום בהיר</ItemName>
      <ManufacturerName>הנקל סוד</ManufacturerName>
      <ManufactureCountry>SI</ManufactureCountry>
      <ManufacturerItemDescription>צבעי שיער פלטה</ManufacturerItemDescription>
      <UnitQty>יחידה</UnitQty>
      <Quantity>1.00</Quantity>
      <bIsWeighted>0</bIsWeighted>
      <UnitOfMeasure>יחידה</UnitOfMeasure>
      <QtyInPackage>0</QtyInPackage>
      <ItemPrice>27.90</ItemPrice>
      <UnitOfMeasurePrice>27.90</UnitOfMeasurePrice>
      <AllowDiscount>1</AllowDiscount>
      <ItemStatus>1</ItemStatus>
    </Item>
    <Item>
      <PriceUpdateDate>2020-01-20 00:14</PriceUpdateDate>
      <ItemCode>3838824127262</ItemCode>
      <ItemType>1</ItemType>
      <ItemName>צבע סמי קיט פלטה מס6-0'</ItemName>
      <ManufacturerName>הנקל סוד</ManufacturerName>
      <ManufactureCountry>SI</ManufactureCountry>
      <ManufacturerItemDescription>צבע לשיער פלטה</ManufacturerItemDescription>
      <UnitQty>יחידה</UnitQty>
      <Quantity>1.00</Quantity>
      <bIsWeighted>0</bIsWeighted>
      <UnitOfMeasure>יחידה</UnitOfMeasure>
      <QtyInPackage>0</QtyInPackage>
      <ItemPrice>27.90</ItemPrice>
      <UnitOfMeasurePrice>27.90</UnitOfMeasurePrice>
      <AllowDiscount>1</AllowDiscount>
      <ItemStatus>1</ItemStatus>
    </Item>
    <Item>
      <PriceUpdateDate>2020-01-20 00:14</PriceUpdateDate>
      <ItemCode>3838824127286</ItemCode>
      <ItemType>1</ItemType>
      <ItemName>צבע סמי קיט פלטה מס7-0'</ItemName>
      <ManufacturerName>הנקל סוד</ManufacturerName>
      <ManufactureCountry>SI</ManufactureCountry>
      <ManufacturerItemDescription>צבעי שיער פלטה</ManufacturerItemDescription>
      <UnitQty>יחידה</UnitQty>
      <Quantity>1.00</Quantity>
      <bIsWeighted>0</bIsWeighted>
      <UnitOfMeasure>יחידה</UnitOfMeasure>
      <QtyInPackage>0</QtyInPackage>
      <ItemPrice>27.90</ItemPrice>
      <UnitOfMeasurePrice>27.90</UnitOfMeasurePrice>
      <AllowDiscount>1</AllowDiscount>
      <ItemStatus>1</ItemStatus>
    </Item>
    <Item>
      <PriceUpdateDate>2020-01-20 00:14</PriceUpdateDate>
      <ItemCode>3838824127309</ItemCode>
      <ItemType>1</ItemType>
      <ItemName>צבע סמי קיט פלטה מס8-0'</ItemName>
      <ManufacturerName>הנקל סוד</ManufacturerName>
      <ManufactureCountry>SI</ManufactureCountry>
      <ManufacturerItemDescription>צבע לשיער פלטה</ManufacturerItemDescription>
      <UnitQty>יחידה</UnitQty>
      <Quantity>1.00</Quantity>
      <bIsWeighted>0</bIsWeighted>
      <UnitOfMeasure>יחידה</UnitOfMeasure>
      <QtyInPackage>0</QtyInPackage>
      <ItemPrice>27.90</ItemPrice>
      <UnitOfMeasurePrice>27.90</UnitOfMeasurePrice>
      <AllowDiscount>1</AllowDiscount>
      <ItemStatus>1</ItemStatus>
    </Item>
    <Item>
      <PriceUpdateDate>2020-01-20 00:14</PriceUpdateDate>
      <ItemCode>3838824127361</ItemCode>
      <ItemType>1</ItemType>
      <ItemName>צבע סמי קיט פלטה מ5-68.</ItemName>
      <ManufacturerName>הנקל סוד</ManufacturerName>
      <ManufactureCountry>SI</ManufactureCountry>
      <ManufacturerItemDescription>צבע לשיער פלטה</ManufacturerItemDescription>
      <UnitQty>יחידה</UnitQty>
      <Quantity>1.00</Quantity>
      <bIsWeighted>0</bIsWeighted>
      <UnitOfMeasure>יחידה</UnitOfMeasure>
      <QtyInPackage>0</QtyInPackage>
      <ItemPrice>27.90</ItemPrice>
      <UnitOfMeasurePrice>27.90</UnitOfMeasurePrice>
      <AllowDiscount>1</AllowDiscount>
      <ItemStatus>1</ItemStatus>
    </Item>
    <Item>
      <PriceUpdateDate>2020-01-20 00:14</PriceUpdateDate>
      <ItemCode>3838824127507</ItemCode>
      <ItemType>1</ItemType>
      <ItemName>צבע סמי קיט פלטה מ4-60.</ItemName>
      <ManufacturerName>הנקל סוד</ManufacturerName>
      <ManufactureCountry>SI</ManufactureCountry>
      <ManufacturerItemDescription>צבע לשיער פלטה</ManufacturerItemDescription>
      <UnitQty>יחידה</UnitQty>
      <Quantity>1.00</Quantity>
      <bIsWeighted>0</bIsWeighted>
      <UnitOfMeasure>יחידה</UnitOfMeasure>
      <QtyInPackage>0</QtyInPackage>
      <ItemPrice>27.90</ItemPrice>
      <UnitOfMeasurePrice>27.90</UnitOfMeasurePrice>
      <AllowDiscount>1</AllowDiscount>
      <ItemStatus>1</ItemStatus>
    </Item>
    <Item>
      <PriceUpdateDate>2020-01-20 00:14</PriceUpdateDate>
      <ItemCode>3838824127583</ItemCode>
      <ItemType>1</ItemType>
      <ItemName>צבע סמי קיט פלטה6-88-</ItemName>
      <ManufacturerName>הנקל סוד</ManufacturerName>
      <ManufactureCountry>SI</ManufactureCountry>
      <ManufacturerItemDescription>צבע לשיער פלטה</ManufacturerItemDescription>
      <UnitQty>יחידה</UnitQty>
      <Quantity>1.00</Quantity>
      <bIsWeighted>0</bIsWeighted>
      <UnitOfMeasure>יחידה</UnitOfMeasure>
      <QtyInPackage>0</QtyInPackage>
      <ItemPrice>27.90</ItemPrice>
      <UnitOfMeasurePrice>27.90</UnitOfMeasurePrice>
      <AllowDiscount>1</AllowDiscount>
      <ItemStatus>1</ItemStatus>
    </Item>
    <Item>
      <PriceUpdateDate>2020-01-20 00:14</PriceUpdateDate>
      <ItemCode>3838824127644</ItemCode>
      <ItemType>1</ItemType>
      <ItemName>צבע סמי קיט פלטה מ4-98.</ItemName>
      <ManufacturerName>הנקל סוד</ManufacturerName>
      <ManufactureCountry>SI</ManufactureCountry>
      <ManufacturerItemDescription>צבע לשיער פלטה</ManufacturerItemDescription>
      <UnitQty>יחידה</UnitQty>
      <Quantity>1.00</Quantity>
      <bIsWeighted>0</bIsWeighted>
      <UnitOfMeasure>יחידה</UnitOfMeasure>
      <QtyInPackage>0</QtyInPackage>
      <ItemPrice>27.90</ItemPrice>
      <UnitOfMeasurePrice>27.90</UnitOfMeasurePrice>
      <AllowDiscount>1</AllowDiscount>
      <ItemStatus>1</ItemStatus>
    </Item>
    <Item>
      <PriceUpdateDate>2020-10-10 21:30</PriceUpdateDate>
      <ItemCode>3838824128788</ItemCode>
      <ItemType>1</ItemType>
      <ItemName>צבע לשיער פלטה קיט 6-888</ItemName>
      <ManufacturerName>הנקל סוד</ManufacturerName>
      <ManufactureCountry>DE</ManufactureCountry>
      <ManufacturerItemDescription>צבע לשיער פלטה</ManufacturerItemDescription>
      <UnitQty>יחידה</UnitQty>
      <Quantity>1.00</Quantity>
      <bIsWeighted>0</bIsWeighted>
      <UnitOfMeasure>יחידה</UnitOfMeasure>
      <QtyInPackage>0</QtyInPackage>
      <ItemPrice>29.90</ItemPrice>
      <UnitOfMeasurePrice>29.90</UnitOfMeasurePrice>
      <AllowDiscount>1</AllowDiscount>
      <ItemStatus>1</ItemStatus>
    </Item>
    <Item>
      <PriceUpdateDate>2020-10-10 21:30</PriceUpdateDate>
      <ItemCode>3838824128849</ItemCode>
      <ItemType>1</ItemType>
      <ItemName>צבע לשיער פלטה קיט 5-68</ItemName>
      <ManufacturerName>הנקל סוד</ManufacturerName>
      <ManufactureCountry>DE</ManufactureCountry>
      <ManufacturerItemDescription>צבע לשיער פלטה</ManufacturerItemDescription>
      <UnitQty>יחידה</UnitQty>
      <Quantity>1.00</Quantity>
      <bIsWeighted>0</bIsWeighted>
      <UnitOfMeasure>יחידה</UnitOfMeasure>
      <QtyInPackage>0</QtyInPackage>
      <ItemPrice>29.90</ItemPrice>
      <UnitOfMeasurePrice>29.90</UnitOfMeasurePrice>
      <AllowDiscount>1</AllowDiscount>
      <ItemStatus>1</ItemStatus>
    </Item>
    <Item>
      <PriceUpdateDate>2020-10-10 21:30</PriceUpdateDate>
      <ItemCode>3838824128948</ItemCode>
      <ItemType>1</ItemType>
      <ItemName>צבע לשיער פלטה קיט 3-0</ItemName>
      <ManufacturerName>הנקל סוד</ManufacturerName>
      <ManufactureCountry>DE</ManufactureCountry>
      <ManufacturerItemDescription>צבע לשיער פלטה</ManufacturerItemDescription>
      <UnitQty>יחידה</UnitQty>
      <Quantity>1.00</Quantity>
      <bIsWeighted>0</bIsWeighted>
      <UnitOfMeasure>יחידה</UnitOfMeasure>
      <QtyInPackage>0</QtyInPackage>
      <ItemPrice>29.90</ItemPrice>
      <UnitOfMeasurePrice>29.90</UnitOfMeasurePrice>
      <AllowDiscount>1</AllowDiscount>
      <ItemStatus>1</ItemStatus>
    </Item>
    <Item>
      <PriceUpdateDate>2020-10-10 21:30</PriceUpdateDate>
      <ItemCode>3838824129020</ItemCode>
      <ItemType>1</ItemType>
      <ItemName>צבע לשיער פלטה קיט 1-0</ItemName>
      <ManufacturerName>הנקל סוד</ManufacturerName>
      <ManufactureCountry>DE</ManufactureCountry>
      <ManufacturerItemDescription>צבע לשיער פלטה</ManufacturerItemDescription>
      <UnitQty>יחידה</UnitQty>
      <Quantity>1.00</Quantity>
      <bIsWeighted>0</bIsWeighted>
      <UnitOfMeasure>יחידה</UnitOfMeasure>
      <QtyInPackage>0</QtyInPackage>
      <ItemPrice>29.90</ItemPrice>
      <UnitOfMeasurePrice>29.90</UnitOfMeasurePrice>
      <AllowDiscount>1</AllowDiscount>
      <ItemStatus>1</ItemStatus>
    </Item>
    <Item>
      <PriceUpdateDate>2020-10-10 21:30</PriceUpdateDate>
      <ItemCode>3838824129068</ItemCode>
      <ItemType>1</ItemType>
      <ItemName>צבע לשיער פלטה קיט 4-68</ItemName>
      <ManufacturerName>הנקל סוד</ManufacturerName>
      <ManufactureCountry>DE</ManufactureCountry>
      <ManufacturerItemDescription>צבע לשיער פלטה</ManufacturerItemDescription>
      <UnitQty>יחידה</UnitQty>
      <Quantity>1.00</Quantity>
      <bIsWeighted>0</bIsWeighted>
      <UnitOfMeasure>יחידה</UnitOfMeasure>
      <QtyInPackage>0</QtyInPackage>
      <ItemPrice>29.90</ItemPrice>
      <UnitOfMeasurePrice>29.90</UnitOfMeasurePrice>
      <AllowDiscount>1</AllowDiscount>
      <ItemStatus>1</ItemStatus>
    </Item>
    <Item>
      <PriceUpdateDate>2020-01-20 00:14</PriceUpdateDate>
      <ItemCode>3838824193915</ItemCode>
      <ItemType>1</ItemType>
      <ItemName>צבע סמי קיט פלטה מס1-0'</ItemName>
      <ManufacturerName>הנקל סוד</ManufacturerName>
      <ManufactureCountry>SI</ManufactureCountry>
      <ManufacturerItemDescription>צבע סמי קיט פלטה</ManufacturerItemDescription>
      <UnitQty>יחידה</UnitQty>
      <Quantity>1.00</Quantity>
      <bIsWeighted>0</bIsWeighted>
      <UnitOfMeasure>יחידה</UnitOfMeasure>
      <QtyInPackage>0</QtyInPackage>
      <ItemPrice>27.90</ItemPrice>
      <UnitOfMeasurePrice>27.90</UnitOfMeasurePrice>
      <AllowDiscount>1</AllowDiscount>
      <ItemStatus>1</ItemStatus>
    </Item>
    <Item>
      <PriceUpdateDate>2020-10-10 21:30</PriceUpdateDate>
      <ItemCode>3838824193939</ItemCode>
      <ItemType>1</ItemType>
      <ItemName>צבע לשיער פלטה קיט סגול</ItemName>
      <ManufacturerName>הנקל סוד</ManufacturerName>
      <ManufactureCountry>DE</ManufactureCountry>
      <ManufacturerItemDescription>צבע לשיער פלטה</ManufacturerItemDescription>
      <UnitQty>יחידה</UnitQty>
      <Quantity>1.00</Quantity>
      <bIsWeighted>0</bIsWeighted>
      <UnitOfMeasure>יחידה</UnitOfMeasure>
      <QtyInPackage>0</QtyInPackage>
      <ItemPrice>29.90</ItemPrice>
      <UnitOfMeasurePrice>29.90</UnitOfMeasurePrice>
      <AllowDiscount>1</AllowDiscount>
      <ItemStatus>1</ItemStatus>
    </Item>
    <Item>
      <PriceUpdateDate>2020-01-20 00:14</PriceUpdateDate>
      <ItemCode>3838824240275</ItemCode>
      <ItemType>1</ItemType>
      <ItemName>צבע סמי קיט פלטה 6-65 יח</ItemName>
      <ManufacturerName>הנקל סוד</ManufacturerName>
      <ManufactureCountry>SI</ManufactureCountry>
      <ManufacturerItemDescription>צבע לשיער פלטה</ManufacturerItemDescription>
      <UnitQty>יחידה</UnitQty>
      <Quantity>1.00</Quantity>
      <bIsWeighted>0</bIsWeighted>
      <UnitOfMeasure>יחידה</UnitOfMeasure>
      <QtyInPackage>0</QtyInPackage>
      <ItemPrice>27.90</ItemPrice>
      <UnitOfMeasurePrice>27.90</UnitOfMeasurePrice>
      <AllowDiscount>1</AllowDiscount>
      <ItemStatus>1</ItemStatus>
    </Item>
    <Item>
      <PriceUpdateDate>2020-01-20 00:14</PriceUpdateDate>
      <ItemCode>3838824276007</ItemCode>
      <ItemType>1</ItemType>
      <ItemName>צבע סמי קיט פלטה 9-0</ItemName>
      <ManufacturerName>הנקל סוד</ManufacturerName>
      <ManufactureCountry>SI</ManufactureCountry>
      <ManufacturerItemDescription>צבע לשיער פלטה</ManufacturerItemDescription>
      <UnitQty>יחידה</UnitQty>
      <Quantity>1.00</Quantity>
      <bIsWeighted>0</bIsWeighted>
      <UnitOfMeasure>יחידה</UnitOfMeasure>
      <QtyInPackage>0</QtyInPackage>
      <ItemPrice>27.90</ItemPrice>
      <UnitOfMeasurePrice>27.90</UnitOfMeasurePrice>
      <AllowDiscount>1</AllowDiscount>
      <ItemStatus>1</ItemStatus>
    </Item>
    <Item>
      <PriceUpdateDate>2020-01-20 00:14</PriceUpdateDate>
      <ItemCode>3838824327099</ItemCode>
      <ItemType>1</ItemType>
      <ItemName>צבע סמי קיט פלטה 10-46</ItemName>
      <ManufacturerName>הנקל סוד</ManufacturerName>
      <ManufactureCountry>SI</ManufactureCountry>
      <ManufacturerItemDescription>צבע סמי קיט פלטה</ManufacturerItemDescription>
      <UnitQty>יחידה</UnitQty>
      <Quantity>1.00</Quantity>
      <bIsWeighted>0</bIsWeighted>
      <UnitOfMeasure>יחידה</UnitOfMeasure>
      <QtyInPackage>1</QtyInPackage>
      <ItemPrice>27.90</ItemPrice>
      <UnitOfMeasurePrice>27.90</UnitOfMeasurePrice>
      <AllowDiscount>1</AllowDiscount>
      <ItemStatus>1</ItemStatus>
    </Item>
    <Item>
      <PriceUpdateDate>2020-01-20 00:14</PriceUpdateDate>
      <ItemCode>3838824327112</ItemCode>
      <ItemType>1</ItemType>
      <ItemName>צבע סמי קיט פלטה12-46</ItemName>
      <ManufacturerName>הנקל סוד</ManufacturerName>
      <ManufactureCountry>SI</ManufactureCountry>
      <ManufacturerItemDescription>צבע סמי קיט פלטה</ManufacturerItemDescription>
      <UnitQty>יחידה</UnitQty>
      <Quantity>1.00</Quantity>
      <bIsWeighted>0</bIsWeighted>
      <UnitOfMeasure>יחידה</UnitOfMeasure>
      <QtyInPackage>1</QtyInPackage>
      <ItemPrice>27.90</ItemPrice>
      <UnitOfMeasurePrice>27.90</UnitOfMeasurePrice>
      <AllowDiscount>1</AllowDiscount>
      <ItemStatus>1</ItemStatus>
    </Item>
    <Item>
      <PriceUpdateDate>2020-01-20 00:14</PriceUpdateDate>
      <ItemCode>3838824332130</ItemCode>
      <ItemType>1</ItemType>
      <ItemName>צבע סמי קיט פלטה 3-68 יח</ItemName>
      <ManufacturerName>הנקל סוד</ManufacturerName>
      <ManufactureCountry>SI</ManufactureCountry>
      <ManufacturerItemDescription>צבע סמי קיט פלטה</ManufacturerItemDescription>
      <UnitQty>יחידה</UnitQty>
      <Quantity>1.00</Quantity>
      <bIsWeighted>0</bIsWeighted>
      <UnitOfMeasure>יחידה</UnitOfMeasure>
      <QtyInPackage>1</QtyInPackage>
      <ItemPrice>27.90</ItemPrice>
      <UnitOfMeasurePrice>27.90</UnitOfMeasurePrice>
      <AllowDiscount>1</AllowDiscount>
      <ItemStatus>1</ItemStatus>
    </Item>
    <Item>
      <PriceUpdateDate>2020-01-20 00:14</PriceUpdateDate>
      <ItemCode>3838824332178</ItemCode>
      <ItemType>1</ItemType>
      <ItemName>צבע סמי קיט פלטה 6-80</ItemName>
      <ManufacturerName>הנקל סוד</ManufacturerName>
      <ManufactureCountry>SI</ManufactureCountry>
      <ManufacturerItemDescription>צבע סמי קיט פלטה</ManufacturerItemDescription>
      <UnitQty>יחידה</UnitQty>
      <Quantity>1.00</Quantity>
      <bIsWeighted>0</bIsWeighted>
      <UnitOfMeasure>יחידה</UnitOfMeasure>
      <QtyInPackage>1</QtyInPackage>
      <ItemPrice>27.90</ItemPrice>
      <UnitOfMeasurePrice>27.90</UnitOfMeasurePrice>
      <AllowDiscount>1</AllowDiscount>
      <ItemStatus>1</ItemStatus>
    </Item>
    <Item>
      <PriceUpdateDate>2020-02-28 00:48</PriceUpdateDate>
      <ItemCode>4001515022583</ItemCode>
      <ItemType>1</ItemType>
      <ItemName>מקטין אסלה הנסיך הקטן כח</ItemName>
      <ManufacturerName>כללי</ManufacturerName>
      <ManufactureCountry>IL</ManufactureCountry>
      <ManufacturerItemDescription>מקטין אסלה הנסיך</ManufacturerItemDescription>
      <UnitQty>יחידה</UnitQty>
      <Quantity>1.00</Quantity>
      <bIsWeighted>0</bIsWeighted>
      <UnitOfMeasure>יחידה</UnitOfMeasure>
      <QtyInPackage>0</QtyInPackage>
      <ItemPrice>32.00</ItemPrice>
      <UnitOfMeasurePrice>32.00</UnitOfMeasurePrice>
      <AllowDiscount>1</AllowDiscount>
      <ItemStatus>1</ItemStatus>
    </Item>
    <Item>
      <PriceUpdateDate>2020-10-10 21:00</PriceUpdateDate>
      <ItemCode>4005808124787</ItemCode>
      <ItemType>1</ItemType>
      <ItemName>ג'ל רח.ניוואה רילקסינ750</ItemName>
      <ManufacturerName>ביירסדורף</ManufacturerName>
      <ManufactureCountry>DE</ManufactureCountry>
      <ManufacturerItemDescription>ג'ל רחצה ניוואה</ManufacturerItemDescription>
      <UnitQty>מיליליטרים</UnitQty>
      <Quantity>750.00</Quantity>
      <bIsWeighted>0</bIsWeighted>
      <UnitOfMeasure>100 מ"ל</UnitOfMeasure>
      <QtyInPackage>0</QtyInPackage>
      <ItemPrice>12.90</ItemPrice>
      <UnitOfMeasurePrice>1.72</UnitOfMeasurePrice>
      <AllowDiscount>1</AllowDiscount>
      <ItemStatus>1</ItemStatus>
    </Item>
    <Item>
      <PriceUpdateDate>2020-10-10 21:00</PriceUpdateDate>
      <ItemCode>4005808128631</ItemCode>
      <ItemType>1</ItemType>
      <ItemName>ניוואה ג'ל רחצה לגבר500מ</ItemName>
      <ManufacturerName>ביירסדורף</ManufacturerName>
      <ManufactureCountry>DE</ManufactureCountry>
      <ManufacturerItemDescription>ניוואה גל רחצה</ManufacturerItemDescription>
      <UnitQty>מיליליטרים</UnitQty>
      <Quantity>500.00</Quantity>
      <bIsWeighted>0</bIsWeighted>
      <UnitOfMeasure>100 מ"ל</UnitOfMeasure>
      <QtyInPackage>0</QtyInPackage>
      <ItemPrice>14.90</ItemPrice>
      <UnitOfMeasurePrice>2.98</UnitOfMeasurePrice>
      <AllowDiscount>1</AllowDiscount>
      <ItemStatus>1</ItemStatus>
    </Item>
    <Item>
      <PriceUpdateDate>2020-10-10 21:00</PriceUpdateDate>
      <ItemCode>4005808185542</ItemCode>
      <ItemType>1</ItemType>
      <ItemName>רצועות לניקוי והסרת נקוד</ItemName>
      <ManufacturerName>ניוואה</ManufacturerName>
      <ManufactureCountry>DE</ManufactureCountry>
      <ManufacturerItemDescription>רצועות לניקוי וה</ManufacturerItemDescription>
      <UnitQty>יחידה</UnitQty>
      <Quantity>1.00</Quantity>
      <bIsWeighted>0</bIsWeighted>
      <UnitOfMeasure>יחידה</UnitOfMeasure>
      <QtyInPackage>1</QtyInPackage>
      <ItemPrice>24.90</ItemPrice>
      <UnitOfMeasurePrice>24.90</UnitOfMeasurePrice>
      <AllowDiscount>1</AllowDiscount>
      <ItemStatus>1</ItemStatus>
    </Item>
    <Item>
      <PriceUpdateDate>2020-08-30 11:54</PriceUpdateDate>
      <ItemCode>4005808222698</ItemCode>
      <ItemType>1</ItemType>
      <ItemName>קצף גילוח ניוואה רגיש200</ItemName>
      <ManufacturerName>ביירסדורץ</ManufacturerName>
      <ManufactureCountry>DE</ManufactureCountry>
      <ManufacturerItemDescription>קצף גילוח ניוואה</ManufacturerItemDescription>
      <UnitQty>מיליליטרים</UnitQty>
      <Quantity>200.00</Quantity>
      <bIsWeighted>0</bIsWeighted>
      <UnitOfMeasure>100 מ"ל</UnitOfMeasure>
      <QtyInPackage>0</QtyInPackage>
      <ItemPrice>19.90</ItemPrice>
      <UnitOfMeasurePrice>9.95</UnitOfMeasurePrice>
      <AllowDiscount>1</AllowDiscount>
      <ItemStatus>1</ItemStatus>
    </Item>
    <Item>
      <PriceUpdateDate>2020-10-10 20:20</PriceUpdateDate>
      <ItemCode>4005808366392</ItemCode>
      <ItemType>1</ItemType>
      <ItemName>שפתון לבלו כחול</ItemName>
      <ManufacturerName>ביירסדורץ</ManufacturerName>
      <ManufactureCountry>IL</ManufactureCountry>
      <ManufacturerItemDescription>שפתון לבלו כחול</ManufacturerItemDescription>
      <UnitQty>יחידה</UnitQty>
      <Quantity>1.00</Quantity>
      <bIsWeighted>0</bIsWeighted>
      <UnitOfMeasure>יחידה</UnitOfMeasure>
      <QtyInPackage>1</QtyInPackage>
      <ItemPrice>9.90</ItemPrice>
      <UnitOfMeasurePrice>9.90</UnitOfMeasurePrice>
      <AllowDiscount>1</AllowDiscount>
      <ItemStatus>1</ItemStatus>
    </Item>
    <Item>
      <PriceUpdateDate>2020-10-10 21:00</PriceUpdateDate>
      <ItemCode>4005808406029</ItemCode>
      <ItemType>1</ItemType>
      <ItemName>ק.רחצה נוואה שקדים 750 מ</ItemName>
      <ManufacturerName>ביירסדורף</ManufacturerName>
      <ManufactureCountry>DE</ManufactureCountry>
      <ManufacturerItemDescription>קרם רחצה ניוואה</ManufacturerItemDescription>
      <UnitQty>מיליליטרים</UnitQty>
      <Quantity>750.00</Quantity>
      <bIsWeighted>0</bIsWeighted>
      <UnitOfMeasure>100 מ"ל</UnitOfMeasure>
      <QtyInPackage>1</QtyInPackage>
      <ItemPrice>12.90</ItemPrice>
      <UnitOfMeasurePrice>1.72</UnitOfMeasurePrice>
      <AllowDiscount>1</AllowDiscount>
      <ItemStatus>1</ItemStatus>
    </Item>
    <Item>
      <PriceUpdateDate>2020-10-10 20:20</PriceUpdateDate>
      <ItemCode>4005808502004</ItemCode>
      <ItemType>1</ItemType>
      <ItemName>לבלו שפתון ליובש ורוד</ItemName>
      <ManufacturerName>אלפא קוסמטיקה</ManufacturerName>
      <ManufactureCountry>DE</ManufactureCountry>
      <ManufacturerItemDescription>לבלו שפתון</ManufacturerItemDescription>
      <UnitQty>יחידה</UnitQty>
      <Quantity>1.00</Quantity>
      <bIsWeighted>0</bIsWeighted>
      <UnitOfMeasure>יחידה</UnitOfMeasure>
      <QtyInPackage>0</QtyInPackage>
      <ItemPrice>9.90</ItemPrice>
      <UnitOfMeasurePrice>9.90</UnitOfMeasurePrice>
      <AllowDiscount>1</AllowDiscount>
      <ItemStatus>1</ItemStatus>
    </Item>
    <Item>
      <PriceUpdateDate>2020-10-10 20:20</PriceUpdateDate>
      <ItemCode>4005808650002</ItemCode>
      <ItemType>1</ItemType>
      <ItemName>שפתון לבלו כחול</ItemName>
      <ManufacturerName>ביירסדורץ</ManufacturerName>
      <ManufactureCountry>IL</ManufactureCountry>
      <ManufacturerItemDescription>שפתון לבלו</ManufacturerItemDescription>
      <UnitQty>יחידה</UnitQty>
      <Quantity>1.00</Quantity>
      <bIsWeighted>0</bIsWeighted>
      <UnitOfMeasure>יחידה</UnitOfMeasure>
      <QtyInPackage>0</QtyInPackage>
      <ItemPrice>9.90</ItemPrice>
      <UnitOfMeasurePrice>9.90</UnitOfMeasurePrice>
      <AllowDiscount>1</AllowDiscount>
      <ItemStatus>1</ItemStatus>
    </Item>
    <Item>
      <PriceUpdateDate>2020-10-10 20:20</PriceUpdateDate>
      <ItemCode>4005808650712</ItemCode>
      <ItemType>1</ItemType>
      <ItemName>לבלו דובדבן</ItemName>
      <ManufacturerName>ביירסדורץ</ManufacturerName>
      <ManufactureCountry>IL</ManufactureCountry>
      <ManufacturerItemDescription>לבלו דובדבן</ManufacturerItemDescription>
      <UnitQty>יחידה</UnitQty>
      <Quantity>1.00</Quantity>
      <bIsWeighted>0</bIsWeighted>
      <UnitOfMeasure>יחידה</UnitOfMeasure>
      <QtyInPackage>0</QtyInPackage>
      <ItemPrice>9.90</ItemPrice>
      <UnitOfMeasurePrice>9.90</UnitOfMeasurePrice>
      <AllowDiscount>1</AllowDiscount>
      <ItemStatus>1</ItemStatus>
    </Item>
    <Item>
      <PriceUpdateDate>2020-01-20 00:13</PriceUpdateDate>
      <ItemCode>4005808692569</ItemCode>
      <ItemType>1</ItemType>
      <ItemName>מוס ניקוי יבש/רגיל 150מל</ItemName>
      <ManufacturerName>ביירסדורף</ManufacturerName>
      <ManufactureCountry>DE</ManufactureCountry>
      <ManufacturerItemDescription>מוס ניקוי לפנים</ManufacturerItemDescription>
      <UnitQty>מיליליטרים</UnitQty>
      <Quantity>150.00</Quantity>
      <bIsWeighted>0</bIsWeighted>
      <UnitOfMeasure>100 מ"ל</UnitOfMeasure>
      <QtyInPackage>1</QtyInPackage>
      <ItemPrice>38.90</ItemPrice>
      <UnitOfMeasurePrice>25.93</UnitOfMeasurePrice>
      <AllowDiscount>1</AllowDiscount>
      <ItemStatus>1</ItemStatus>
    </Item>
    <Item>
      <PriceUpdateDate>2020-10-10 21:00</PriceUpdateDate>
      <ItemCode>4005808779277</ItemCode>
      <ItemType>1</ItemType>
      <ItemName>קרם גוף ניוואה SMOOTH625</ItemName>
      <ManufacturerName>ביירסדורץ</ManufacturerName>
      <ManufactureCountry>IL</ManufactureCountry>
      <ManufacturerItemDescription>קרם גוף ניוואה</ManufacturerItemDescription>
      <UnitQty>מיליליטרים</UnitQty>
      <Quantity>625.00</Quantity>
      <bIsWeighted>0</bIsWeighted>
      <UnitOfMeasure>100 מ"ל</UnitOfMeasure>
      <QtyInPackage>1</QtyInPackage>
      <ItemPrice>29.90</ItemPrice>
      <UnitOfMeasurePrice>4.78</UnitOfMeasurePrice>
      <AllowDiscount>1</AllowDiscount>
      <ItemStatus>1</ItemStatus>
    </Item>
    <Item>
      <PriceUpdateDate>2020-10-10 21:00</PriceUpdateDate>
      <ItemCode>4005808813063</ItemCode>
      <ItemType>1</ItemType>
      <ItemName>תחל.לאחר גילוח-ע.רגיש100</ItemName>
      <ManufacturerName>ביירסדורץ</ManufacturerName>
      <ManufactureCountry>DE</ManufactureCountry>
      <ManufacturerItemDescription>ניוואה אפטר שייב</ManufacturerItemDescription>
      <UnitQty>מיליליטרים</UnitQty>
      <Quantity>100.00</Quantity>
      <bIsWeighted>0</bIsWeighted>
      <UnitOfMeasure>100 מ"ל</UnitOfMeasure>
      <QtyInPackage>0</QtyInPackage>
      <ItemPrice>44.90</ItemPrice>
      <UnitOfMeasurePrice>44.90</UnitOfMeasurePrice>
      <AllowDiscount>1</AllowDiscount>
      <ItemStatus>1</ItemStatus>
    </Item>
    <Item>
      <PriceUpdateDate>2020-10-10 21:00</PriceUpdateDate>
      <ItemCode>4005808817405</ItemCode>
      <ItemType>1</ItemType>
      <ItemName>ג'ל גילוח ניוואה.רגיש200</ItemName>
      <ManufacturerName>ביירסדורץ</ManufacturerName>
      <ManufactureCountry>PL</ManufactureCountry>
      <ManufacturerItemDescription>ג'ל גילוח ניוואה</ManufacturerItemDescription>
      <UnitQty>מיליליטרים</UnitQty>
      <Quantity>200.00</Quantity>
      <bIsWeighted>0</bIsWeighted>
      <UnitOfMeasure>100 מ"ל</UnitOfMeasure>
      <QtyInPackage>0</QtyInPackage>
      <ItemPrice>16.90</ItemPrice>
      <UnitOfMeasurePrice>8.45</UnitOfMeasurePrice>
      <AllowDiscount>1</AllowDiscount>
      <ItemStatus>1</ItemStatus>
    </Item>
    <Item>
      <PriceUpdateDate>2020-01-20 00:14</PriceUpdateDate>
      <ItemCode>4005808817726</ItemCode>
      <ItemType>1</ItemType>
      <ItemName>ניוואה קרם גילוח לגבר100</ItemName>
      <ManufacturerName>HELLAS BEIERSDORF</ManufacturerName>
      <ManufactureCountry>DE</ManufactureCountry>
      <ManufacturerItemDescription>קרם גילוח לגבר</ManufacturerItemDescription>
      <UnitQty>מיליליטרים</UnitQty>
      <Quantity>100.00</Quantity>
      <bIsWeighted>0</bIsWeighted>
      <UnitOfMeasure>100 מ"ל</UnitOfMeasure>
      <QtyInPackage>0</QtyInPackage>
      <ItemPrice>13.90</ItemPrice>
      <UnitOfMeasurePrice>13.90</UnitOfMeasurePrice>
      <AllowDiscount>1</AllowDiscount>
      <ItemStatus>1</ItemStatus>
    </Item>
    <Item>
      <PriceUpdateDate>2020-01-20 00:13</PriceUpdateDate>
      <ItemCode>4005808827220</ItemCode>
      <ItemType>1</ItemType>
      <ItemName>סלולר סרום</ItemName>
      <ManufacturerName>ניוואה ויסאז'</ManufacturerName>
      <ManufactureCountry>IL</ManufactureCountry>
      <ManufacturerItemDescription>סלולר סרום</ManufacturerItemDescription>
      <UnitQty>יחידה</UnitQty>
      <Quantity>1.00</Quantity>
      <bIsWeighted>0</bIsWeighted>
      <UnitOfMeasure>יחידה</UnitOfMeasure>
      <QtyInPackage>0</QtyInPackage>
      <ItemPrice>178.00</ItemPrice>
      <UnitOfMeasurePrice>178.00</UnitOfMeasurePrice>
      <AllowDiscount>1</AllowDiscount>
      <ItemStatus>1</ItemStatus>
    </Item>
    <Item>
      <PriceUpdateDate>2020-01-20 00:13</PriceUpdateDate>
      <ItemCode>4005808827268</ItemCode>
      <ItemType>1</ItemType>
      <ItemName>סלולר קרם לילה 50מ"ל</ItemName>
      <ManufacturerName>ניוואה ויסאז'</ManufacturerName>
      <ManufactureCountry>IL</ManufactureCountry>
      <ManufacturerItemDescription>סלולר קרם לילה</ManufacturerItemDescription>
      <UnitQty>מיליליטרים</UnitQty>
      <Quantity>50.00</Quantity>
      <bIsWeighted>0</bIsWeighted>
      <UnitOfMeasure>100 מ"ל</UnitOfMeasure>
      <QtyInPackage>0</QtyInPackage>
      <ItemPrice>169.00</ItemPrice>
      <UnitOfMeasurePrice>338.00</UnitOfMeasurePrice>
      <AllowDiscount>1</AllowDiscount>
      <ItemStatus>1</ItemStatus>
    </Item>
    <Item>
      <PriceUpdateDate>2020-01-20 00:13</PriceUpdateDate>
      <ItemCode>4005808827770</ItemCode>
      <ItemType>1</ItemType>
      <ItemName>ANTI-AGE CELLULAR קרם</ItemName>
      <ManufacturerName>ניוואה ויסאז'</ManufacturerName>
      <ManufactureCountry>IL</ManufactureCountry>
      <ManufacturerItemDescription>CELLULAR קרם יום</ManufacturerItemDescription>
      <UnitQty>מיליליטרים</UnitQty>
      <Quantity>50.00</Quantity>
      <bIsWeighted>0</bIsWeighted>
      <UnitOfMeasure>100 מ"ל</UnitOfMeasure>
      <QtyInPackage>0</QtyInPackage>
      <ItemPrice>169.00</ItemPrice>
      <UnitOfMeasurePrice>338.00</UnitOfMeasurePrice>
      <AllowDiscount>1</AllowDiscount>
      <ItemStatus>1</ItemStatus>
    </Item>
    <Item>
      <PriceUpdateDate>2020-10-10 21:00</PriceUpdateDate>
      <ItemCode>4005808828838</ItemCode>
      <ItemType>1</ItemType>
      <ItemName>דאו.אקווה קול ספריי 150מ</ItemName>
      <ManufacturerName>ביירסדורץ</ManufacturerName>
      <ManufactureCountry>DE</ManufactureCountry>
      <ManufacturerItemDescription>דאודורנט אקווה</ManufacturerItemDescription>
      <UnitQty>מיליליטרים</UnitQty>
      <Quantity>150.00</Quantity>
      <bIsWeighted>0</bIsWeighted>
      <UnitOfMeasure>100 מ"ל</UnitOfMeasure>
      <QtyInPackage>0</QtyInPackage>
      <ItemPrice>12.90</ItemPrice>
      <UnitOfMeasurePrice>8.60</UnitOfMeasurePrice>
      <AllowDiscount>1</AllowDiscount>
      <ItemStatus>1</ItemStatus>
    </Item>
    <Item>
      <PriceUpdateDate>2020-10-10 21:00</PriceUpdateDate>
      <ItemCode>4005808837359</ItemCode>
      <ItemType>1</ItemType>
      <ItemName>ניוואה רול און פרל 50 מל</ItemName>
      <ManufacturerName>ביירסדורף</ManufacturerName>
      <ManufactureCountry>DE</ManufactureCountry>
      <ManufacturerItemDescription>דאודורנט ניוואה</ManufacturerItemDescription>
      <UnitQty>מיליליטרים</UnitQty>
      <Quantity>50.00</Quantity>
      <bIsWeighted>0</bIsWeighted>
      <UnitOfMeasure>100 מ"ל</UnitOfMeasure>
      <QtyInPackage>0</QtyInPackage>
      <ItemPrice>12.90</ItemPrice>
      <UnitOfMeasurePrice>25.80</UnitOfMeasurePrice>
      <AllowDiscount>1</AllowDiscount>
      <ItemStatus>1</ItemStatus>
    </Item>
    <Item>
      <PriceUpdateDate>2020-01-20 00:13</PriceUpdateDate>
      <ItemCode>4005808847235</ItemCode>
      <ItemType>1</ItemType>
      <ItemName>ניוואה מסיכה מועשרת בדבש</ItemName>
      <ManufacturerName>ביירסדורץ</ManufacturerName>
      <ManufactureCountry />
      <ManufacturerItemDescription>ניוואה מסיכה</ManufacturerItemDescription>
      <UnitQty>יחידה</UnitQty>
      <Quantity>1.00</Quantity>
      <bIsWeighted>0</bIsWeighted>
      <UnitOfMeasure>יחידה</UnitOfMeasure>
      <QtyInPackage>0</QtyInPackage>
      <ItemPrice>9.90</ItemPrice>
      <UnitOfMeasurePrice>9.90</UnitOfMeasurePrice>
      <AllowDiscount>1</AllowDiscount>
      <ItemStatus>1</ItemStatus>
    </Item>
    <Item>
      <PriceUpdateDate>2020-10-10 21:00</PriceUpdateDate>
      <ItemCode>4005808890507</ItemCode>
      <ItemType>1</ItemType>
      <ItemName>ניוואה סופט 200 מ"ל</ItemName>
      <ManufacturerName>HELLAS BEIERSDORF</ManufacturerName>
      <ManufactureCountry>ES</ManufactureCountry>
      <ManufacturerItemDescription>קרם ניוואה סופ</ManufacturerItemDescription>
      <UnitQty>מיליליטרים</UnitQty>
      <Quantity>200.00</Quantity>
      <bIsWeighted>0</bIsWeighted>
      <UnitOfMeasure>100 מ"ל</UnitOfMeasure>
      <QtyInPackage>0</QtyInPackage>
      <ItemPrice>18.90</ItemPrice>
      <UnitOfMeasurePrice>9.45</UnitOfMeasurePrice>
      <AllowDiscount>1</AllowDiscount>
      <ItemStatus>1</ItemStatus>
    </Item>
    <Item>
      <PriceUpdateDate>2020-01-20 00:14</PriceUpdateDate>
      <ItemCode>4005808890576</ItemCode>
      <ItemType>1</ItemType>
      <ItemName>קרם ידיים ניוואה סופט75מ</ItemName>
      <ManufacturerName>ביירסדורץ</ManufacturerName>
      <ManufactureCountry>ES</ManufactureCountry>
      <ManufacturerItemDescription>קרם ידיים ניוואה</ManufacturerItemDescription>
      <UnitQty>מיליליטרים</UnitQty>
      <Quantity>75.00</Quantity>
      <bIsWeighted>0</bIsWeighted>
      <UnitOfMeasure>100 מ"ל</UnitOfMeasure>
      <QtyInPackage>0</QtyInPackage>
      <ItemPrice>19.90</ItemPrice>
      <UnitOfMeasurePrice>26.53</UnitOfMeasurePrice>
      <AllowDiscount>1</AllowDiscount>
      <ItemStatus>1</ItemStatus>
    </Item>
    <Item>
      <PriceUpdateDate>2020-10-10 21:00</PriceUpdateDate>
      <ItemCode>4005900036476</ItemCode>
      <ItemType>1</ItemType>
      <ItemName>דאו.ניוואה רול און 50מ"ל</ItemName>
      <ManufacturerName>HELLAS BEIERSDORF</ManufacturerName>
      <ManufactureCountry>DE</ManufactureCountry>
      <ManufacturerItemDescription>דאודורנט ניוואה</ManufacturerItemDescription>
      <UnitQty>מיליליטרים</UnitQty>
      <Quantity>50.00</Quantity>
      <bIsWeighted>0</bIsWeighted>
      <UnitOfMeasure>100 מ"ל</UnitOfMeasure>
      <QtyInPackage>0</QtyInPackage>
      <ItemPrice>12.90</ItemPrice>
      <UnitOfMeasurePrice>25.80</UnitOfMeasurePrice>
      <AllowDiscount>1</AllowDiscount>
      <ItemStatus>1</ItemStatus>
    </Item>
    <Item>
      <PriceUpdateDate>2020-10-10 21:00</PriceUpdateDate>
      <ItemCode>4005900036483</ItemCode>
      <ItemType>1</ItemType>
      <ItemName>דאו.ניוואה בלק&amp;וייט 150מ</ItemName>
      <ManufacturerName>ביירסדורף</ManufacturerName>
      <ManufactureCountry>DE</ManufactureCountry>
      <ManufacturerItemDescription>דאודורנט ניוואה</ManufacturerItemDescription>
      <UnitQty>מיליליטרים</UnitQty>
      <Quantity>150.00</Quantity>
      <bIsWeighted>0</bIsWeighted>
      <UnitOfMeasure>100 מ"ל</UnitOfMeasure>
      <QtyInPackage>0</QtyInPackage>
      <ItemPrice>12.90</ItemPrice>
      <UnitOfMeasurePrice>8.60</UnitOfMeasurePrice>
      <AllowDiscount>1</AllowDiscount>
      <ItemStatus>1</ItemStatus>
    </Item>
    <Item>
      <PriceUpdateDate>2020-10-10 21:00</PriceUpdateDate>
      <ItemCode>4005900036506</ItemCode>
      <ItemType>1</ItemType>
      <ItemName>דאו.ניוואה בלק&amp;וויט רול</ItemName>
      <ManufacturerName>HELLAS BEIERSDORF</ManufacturerName>
      <ManufactureCountry>DE</ManufactureCountry>
      <ManufacturerItemDescription>דאודורנט ניוואה</ManufacturerItemDescription>
      <UnitQty>מיליליטרים</UnitQty>
      <Quantity>50.00</Quantity>
      <bIsWeighted>0</bIsWeighted>
      <UnitOfMeasure>100 מ"ל</UnitOfMeasure>
      <QtyInPackage>0</QtyInPackage>
      <ItemPrice>12.90</ItemPrice>
      <UnitOfMeasurePrice>25.80</UnitOfMeasurePrice>
      <AllowDiscount>1</AllowDiscount>
      <ItemStatus>1</ItemStatus>
    </Item>
    <Item>
      <PriceUpdateDate>2020-01-20 00:14</PriceUpdateDate>
      <ItemCode>4005900111449</ItemCode>
      <ItemType>1</ItemType>
      <ItemName>קרם רב"ש ניוואה לגבר150מ</ItemName>
      <ManufacturerName>HELLAS BEIERSDORF</ManufacturerName>
      <ManufactureCountry>DE</ManufactureCountry>
      <ManufacturerItemDescription>קרם רב"ש לגבר</ManufacturerItemDescription>
      <UnitQty>מיליליטרים</UnitQty>
      <Quantity>150.00</Quantity>
      <bIsWeighted>0</bIsWeighted>
      <UnitOfMeasure>100 מ"ל</UnitOfMeasure>
      <QtyInPackage>1</QtyInPackage>
      <ItemPrice>44.90</ItemPrice>
      <UnitOfMeasurePrice>29.93</UnitOfMeasurePrice>
      <AllowDiscount>1</AllowDiscount>
      <ItemStatus>1</ItemStatus>
    </Item>
    <Item>
      <PriceUpdateDate>2020-10-10 21:00</PriceUpdateDate>
      <ItemCode>4005900274380</ItemCode>
      <ItemType>1</ItemType>
      <ItemName>דאו.ניוואה 150מ"לFLOWER</ItemName>
      <ManufacturerName>ביירסדורץ</ManufacturerName>
      <ManufactureCountry>DE</ManufactureCountry>
      <ManufacturerItemDescription>דאודורנט ניוואה</ManufacturerItemDescription>
      <UnitQty>מיליליטרים</UnitQty>
      <Quantity>150.00</Quantity>
      <bIsWeighted>0</bIsWeighted>
      <UnitOfMeasure>100 מ"ל</UnitOfMeasure>
      <QtyInPackage>1</QtyInPackage>
      <ItemPrice>12.90</ItemPrice>
      <UnitOfMeasurePrice>8.60</UnitOfMeasurePrice>
      <AllowDiscount>1</AllowDiscount>
      <ItemStatus>1</ItemStatus>
    </Item>
    <Item>
      <PriceUpdateDate>2020-10-10 21:00</PriceUpdateDate>
      <ItemCode>4005900485243</ItemCode>
      <ItemType>1</ItemType>
      <ItemName>ניוואה רול און פרש לגבר</ItemName>
      <ManufacturerName>HELLAS BEIERSDORF</ManufacturerName>
      <ManufactureCountry>DE</ManufactureCountry>
      <ManufacturerItemDescription>דאודורנט ניוואה</ManufacturerItemDescription>
      <UnitQty>מיליליטרים</UnitQty>
      <Quantity>50.00</Quantity>
      <bIsWeighted>0</bIsWeighted>
      <UnitOfMeasure>100 מ"ל</UnitOfMeasure>
      <QtyInPackage>1</QtyInPackage>
      <ItemPrice>12.90</ItemPrice>
      <UnitOfMeasurePrice>25.80</UnitOfMeasurePrice>
      <AllowDiscount>1</AllowDiscount>
      <ItemStatus>1</ItemStatus>
    </Item>
    <Item>
      <PriceUpdateDate>2020-10-10 21:00</PriceUpdateDate>
      <ItemCode>4005900494900</ItemCode>
      <ItemType>1</ItemType>
      <ItemName>ניוואה דאו ספריי לגבר150</ItemName>
      <ManufacturerName>BEIERSDORF</ManufacturerName>
      <ManufactureCountry>IL</ManufactureCountry>
      <ManufacturerItemDescription>ניוואה דאו ספריי</ManufacturerItemDescription>
      <UnitQty>מיליליטרים</UnitQty>
      <Quantity>150.00</Quantity>
      <bIsWeighted>0</bIsWeighted>
      <UnitOfMeasure>100 מ"ל</UnitOfMeasure>
      <QtyInPackage>1</QtyInPackage>
      <ItemPrice>12.90</ItemPrice>
      <UnitOfMeasurePrice>8.60</UnitOfMeasurePrice>
      <AllowDiscount>1</AllowDiscount>
      <ItemStatus>1</ItemStatus>
    </Item>
    <Item>
      <PriceUpdateDate>2020-10-10 21:00</PriceUpdateDate>
      <ItemCode>4005900494924</ItemCode>
      <ItemType>1</ItemType>
      <ItemName>ניוואה ספריי אמזוניה 150</ItemName>
      <ManufacturerName>BEIERSDORF</ManufacturerName>
      <ManufactureCountry>DE</ManufactureCountry>
      <ManufacturerItemDescription>דאודורנט ניוואה</ManufacturerItemDescription>
      <UnitQty>מיליליטרים</UnitQty>
      <Quantity>150.00</Quantity>
      <bIsWeighted>0</bIsWeighted>
      <UnitOfMeasure>100 מ"ל</UnitOfMeasure>
      <QtyInPackage>1</QtyInPackage>
      <ItemPrice>12.90</ItemPrice>
      <UnitOfMeasurePrice>8.60</UnitOfMeasurePrice>
      <AllowDiscount>1</AllowDiscount>
      <ItemStatus>1</ItemStatus>
    </Item>
    <Item>
      <PriceUpdateDate>2020-10-10 21:00</PriceUpdateDate>
      <ItemCode>4005900513069</ItemCode>
      <ItemType>1</ItemType>
      <ItemName>ניוואה רול און גבר דיפ50</ItemName>
      <ManufacturerName>BEIERSDORF</ManufacturerName>
      <ManufactureCountry>DE</ManufactureCountry>
      <ManufacturerItemDescription>ניוואה רול און ל</ManufacturerItemDescription>
      <UnitQty>מיליליטרים</UnitQty>
      <Quantity>50.00</Quantity>
      <bIsWeighted>0</bIsWeighted>
      <UnitOfMeasure>100 מ"ל</UnitOfMeasure>
      <QtyInPackage>1</QtyInPackage>
      <ItemPrice>12.90</ItemPrice>
      <UnitOfMeasurePrice>25.80</UnitOfMeasurePrice>
      <AllowDiscount>1</AllowDiscount>
      <ItemStatus>1</ItemStatus>
    </Item>
    <Item>
      <PriceUpdateDate>2020-02-02 12:38</PriceUpdateDate>
      <ItemCode>4005900583130</ItemCode>
      <ItemType>1</ItemType>
      <ItemName>לבלו קיס צבעוני דובדבן י</ItemName>
      <ManufacturerName>ביירסדורץ</ManufacturerName>
      <ManufactureCountry>DE</ManufactureCountry>
      <ManufacturerItemDescription>לבלו קיס צבעוני</ManufacturerItemDescription>
      <UnitQty>יחידה</UnitQty>
      <Quantity>1.00</Quantity>
      <bIsWeighted>0</bIsWeighted>
      <UnitOfMeasure>יחידה</UnitOfMeasure>
      <QtyInPackage>1</QtyInPackage>
      <ItemPrice>29.90</ItemPrice>
      <UnitOfMeasurePrice>29.90</UnitOfMeasurePrice>
      <AllowDiscount>1</AllowDiscount>
      <ItemStatus>1</ItemStatus>
    </Item>
    <Item>
      <PriceUpdateDate>2020-10-10 21:00</PriceUpdateDate>
      <ItemCode>4005900816016</ItemCode>
      <ItemType>1</ItemType>
      <ItemName>דאו.ספרי ניוואה לאישה150</ItemName>
      <ManufacturerName>ביירסדורץ</ManufacturerName>
      <ManufactureCountry>DE</ManufactureCountry>
      <ManufacturerItemDescription>דאודורנט ניוואה</ManufacturerItemDescription>
      <UnitQty>מיליליטרים</UnitQty>
      <Quantity>150.00</Quantity>
      <bIsWeighted>0</bIsWeighted>
      <UnitOfMeasure>100 מ"ל</UnitOfMeasure>
      <QtyInPackage>0</QtyInPackage>
      <ItemPrice>12.90</ItemPrice>
      <UnitOfMeasurePrice>8.60</UnitOfMeasurePrice>
      <AllowDiscount>1</AllowDiscount>
      <ItemStatus>1</ItemStatus>
    </Item>
    <Item>
      <PriceUpdateDate>2020-10-10 21:00</PriceUpdateDate>
      <ItemCode>4005900828095</ItemCode>
      <ItemType>1</ItemType>
      <ItemName>ניוואה רול און פרש לאישה</ItemName>
      <ManufacturerName>HELLAS BEIERSDORF</ManufacturerName>
      <ManufactureCountry>DE</ManufactureCountry>
      <ManufacturerItemDescription>דאודורנט ניוואה</ManufacturerItemDescription>
      <UnitQty>מיליליטרים</UnitQty>
      <Quantity>50.00</Quantity>
      <bIsWeighted>0</bIsWeighted>
      <UnitOfMeasure>100 מ"ל</UnitOfMeasure>
      <QtyInPackage>0</QtyInPackage>
      <ItemPrice>12.90</ItemPrice>
      <UnitOfMeasurePrice>25.80</UnitOfMeasurePrice>
      <AllowDiscount>1</AllowDiscount>
      <ItemStatus>1</ItemStatus>
    </Item>
    <Item>
      <PriceUpdateDate>2020-08-21 05:41</PriceUpdateDate>
      <ItemCode>4005900833532</ItemCode>
      <ItemType>1</ItemType>
      <ItemName>מארז לב לאישה</ItemName>
      <ManufacturerName />
      <ManufactureCountry />
      <ManufacturerItemDescription>מארז לב לאישה</ManufacturerItemDescription>
      <UnitQty>יחידה</UnitQty>
      <Quantity>1.00</Quantity>
      <bIsWeighted>0</bIsWeighted>
      <UnitOfMeasure>יחידה</UnitOfMeasure>
      <QtyInPackage>0</QtyInPackage>
      <ItemPrice>69.90</ItemPrice>
      <UnitOfMeasurePrice>69.90</UnitOfMeasurePrice>
      <AllowDiscount>1</AllowDiscount>
      <ItemStatus>1</ItemStatus>
    </Item>
    <Item>
      <PriceUpdateDate>2020-01-20 00:21</PriceUpdateDate>
      <ItemCode>4008600267232</ItemCode>
      <ItemType>1</ItemType>
      <ItemName>בקבוק הזנה לבן 150 מ"ל</ItemName>
      <ManufacturerName>נוק</ManufacturerName>
      <ManufactureCountry>IL</ManufactureCountry>
      <ManufacturerItemDescription>בקבוק הזנה לבן 1</ManufacturerItemDescription>
      <UnitQty>יחידה</UnitQty>
      <Quantity>1.00</Quantity>
      <bIsWeighted>0</bIsWeighted>
      <UnitOfMeasure>יחידה</UnitOfMeasure>
      <QtyInPackage>1</QtyInPackage>
      <ItemPrice>39.90</ItemPrice>
      <UnitOfMeasurePrice>39.90</UnitOfMeasurePrice>
      <AllowDiscount>1</AllowDiscount>
      <ItemStatus>1</ItemStatus>
    </Item>
    <Item>
      <PriceUpdateDate>2020-10-10 21:00</PriceUpdateDate>
      <ItemCode>4008600289326</ItemCode>
      <ItemType>1</ItemType>
      <ItemName>מוצצים הפי די כחול 18-36</ItemName>
      <ManufacturerName>נוק</ManufacturerName>
      <ManufactureCountry>IL</ManufactureCountry>
      <ManufacturerItemDescription>מוצצים הפי די כח</ManufacturerItemDescription>
      <UnitQty>יחידה</UnitQty>
      <Quantity>1.00</Quantity>
      <bIsWeighted>0</bIsWeighted>
      <UnitOfMeasure>יחידה</UnitOfMeasure>
      <QtyInPackage>1</QtyInPackage>
      <ItemPrice>32.00</ItemPrice>
      <UnitOfMeasurePrice>32.00</UnitOfMeasurePrice>
      <AllowDiscount>1</AllowDiscount>
      <ItemStatus>1</ItemStatus>
    </Item>
    <Item>
      <PriceUpdateDate>2020-10-10 21:00</PriceUpdateDate>
      <ItemCode>4008600314226</ItemCode>
      <ItemType>1</ItemType>
      <ItemName>מוצצי מיקי מאוס אדום2*</ItemName>
      <ManufacturerName>נוק</ManufacturerName>
      <ManufactureCountry>IL</ManufactureCountry>
      <ManufacturerItemDescription>מוצצי מיקי מאוס</ManufacturerItemDescription>
      <UnitQty>יחידה</UnitQty>
      <Quantity>1.00</Quantity>
      <bIsWeighted>0</bIsWeighted>
      <UnitOfMeasure>יחידה</UnitOfMeasure>
      <QtyInPackage>1</QtyInPackage>
      <ItemPrice>32.00</ItemPrice>
      <UnitOfMeasurePrice>32.00</UnitOfMeasurePrice>
      <AllowDiscount>1</AllowDiscount>
      <ItemStatus>1</ItemStatus>
    </Item>
    <Item>
      <PriceUpdateDate>2020-01-19 15:43</PriceUpdateDate>
      <ItemCode>4009900402965</ItemCode>
      <ItemType>1</ItemType>
      <ItemName>אורביט וייט פירות 64גרם</ItemName>
      <ManufacturerName>ריגלי פולין</ManufacturerName>
      <ManufactureCountry>PL</ManufactureCountry>
      <ManufacturerItemDescription>אורביט בקבוקון</ManufacturerItemDescription>
      <UnitQty>גרמים</UnitQty>
      <Quantity>64.00</Quantity>
      <bIsWeighted>0</bIsWeighted>
      <UnitOfMeasure>100 גרם</UnitOfMeasure>
      <QtyInPackage>0</QtyInPackage>
      <ItemPrice>11.90</ItemPrice>
      <UnitOfMeasurePrice>18.59</UnitOfMeasurePrice>
      <AllowDiscount>1</AllowDiscount>
      <ItemStatus>1</ItemStatus>
    </Item>
    <Item>
      <PriceUpdateDate>2020-01-19 15:43</PriceUpdateDate>
      <ItemCode>4009900403023</ItemCode>
      <ItemType>1</ItemType>
      <ItemName>מסטיק אורביט ויט מנטה64ג</ItemName>
      <ManufacturerName>ריגלי פולין</ManufacturerName>
      <ManufactureCountry>PL</ManufactureCountry>
      <ManufacturerItemDescription>אורביט בקבוקון</ManufacturerItemDescription>
      <UnitQty>גרמים</UnitQty>
      <Quantity>64.00</Quantity>
      <bIsWeighted>0</bIsWeighted>
      <UnitOfMeasure>100 גרם</UnitOfMeasure>
      <QtyInPackage>0</QtyInPackage>
      <ItemPrice>11.90</ItemPrice>
      <UnitOfMeasurePrice>18.59</UnitOfMeasurePrice>
      <AllowDiscount>1</AllowDiscount>
      <ItemStatus>1</ItemStatus>
    </Item>
    <Item>
      <PriceUpdateDate>2020-01-20 00:09</PriceUpdateDate>
      <ItemCode>4009900420129</ItemCode>
      <ItemType>1</ItemType>
      <ItemName>אורביט פפרמינט בקבוקון64</ItemName>
      <ManufacturerName>---</ManufacturerName>
      <ManufactureCountry>PL</ManufactureCountry>
      <ManufacturerItemDescription>אורביט פפרמינט</ManufacturerItemDescription>
      <UnitQty>גרמים</UnitQty>
      <Quantity>64.00</Quantity>
      <bIsWeighted>0</bIsWeighted>
      <UnitOfMeasure>100 גרם</UnitOfMeasure>
      <QtyInPackage>1</QtyInPackage>
      <ItemPrice>11.90</ItemPrice>
      <UnitOfMeasurePrice>18.59</UnitOfMeasurePrice>
      <AllowDiscount>1</AllowDiscount>
      <ItemStatus>1</ItemStatus>
    </Item>
    <Item>
      <PriceUpdateDate>2020-05-05 09:15</PriceUpdateDate>
      <ItemCode>4009900426039</ItemCode>
      <ItemType>1</ItemType>
      <ItemName>מסטיק איירוויבז מנטה64ג</ItemName>
      <ManufacturerName>ריגלי פולין</ManufacturerName>
      <ManufactureCountry>PL</ManufactureCountry>
      <ManufacturerItemDescription>מסטיק איירוויבז</ManufacturerItemDescription>
      <UnitQty>גרמים</UnitQty>
      <Quantity>64.00</Quantity>
      <bIsWeighted>0</bIsWeighted>
      <UnitOfMeasure>100 גרם</UnitOfMeasure>
      <QtyInPackage>1</QtyInPackage>
      <ItemPrice>11.90</ItemPrice>
      <UnitOfMeasurePrice>18.59</UnitOfMeasurePrice>
      <AllowDiscount>1</AllowDiscount>
      <ItemStatus>1</ItemStatus>
    </Item>
    <Item>
      <PriceUpdateDate>2020-05-05 09:15</PriceUpdateDate>
      <ItemCode>4009900426121</ItemCode>
      <ItemType>1</ItemType>
      <ItemName>מסטיק איירוויבז אוכמנ64ג</ItemName>
      <ManufacturerName>ריגלי פולין</ManufacturerName>
      <ManufactureCountry>PL</ManufactureCountry>
      <ManufacturerItemDescription>מסטיק איירוויבז</ManufacturerItemDescription>
      <UnitQty>גרמים</UnitQty>
      <Quantity>64.00</Quantity>
      <bIsWeighted>0</bIsWeighted>
      <UnitOfMeasure>100 גרם</UnitOfMeasure>
      <QtyInPackage>1</QtyInPackage>
      <ItemPrice>11.90</ItemPrice>
      <UnitOfMeasurePrice>18.59</UnitOfMeasurePrice>
      <AllowDiscount>1</AllowDiscount>
      <ItemStatus>1</ItemStatus>
    </Item>
    <Item>
      <PriceUpdateDate>2020-01-19 15:43</PriceUpdateDate>
      <ItemCode>4009900458504</ItemCode>
      <ItemType>1</ItemType>
      <ItemName>אורביט ווייט הדרים64גרם</ItemName>
      <ManufacturerName>---</ManufacturerName>
      <ManufactureCountry>PL</ManufactureCountry>
      <ManufacturerItemDescription>אורביט ווייט</ManufacturerItemDescription>
      <UnitQty>גרמים</UnitQty>
      <Quantity>64.00</Quantity>
      <bIsWeighted>0</bIsWeighted>
      <UnitOfMeasure>100 גרם</UnitOfMeasure>
      <QtyInPackage>1</QtyInPackage>
      <ItemPrice>11.90</ItemPrice>
      <UnitOfMeasurePrice>18.59</UnitOfMeasurePrice>
      <AllowDiscount>1</AllowDiscount>
      <ItemStatus>1</ItemStatus>
    </Item>
    <Item>
      <PriceUpdateDate>2020-01-19 15:43</PriceUpdateDate>
      <ItemCode>4009900479998</ItemCode>
      <ItemType>1</ItemType>
      <ItemName>אורביט אוכמניות בקבוק64ג</ItemName>
      <ManufacturerName>ריגלי פולין</ManufacturerName>
      <ManufactureCountry>PL</ManufactureCountry>
      <ManufacturerItemDescription>אורביט בקבוקון</ManufacturerItemDescription>
      <UnitQty>גרמים</UnitQty>
      <Quantity>64.00</Quantity>
      <bIsWeighted>0</bIsWeighted>
      <UnitOfMeasure>100 גרם</UnitOfMeasure>
      <QtyInPackage>0</QtyInPackage>
      <ItemPrice>11.90</ItemPrice>
      <UnitOfMeasurePrice>18.59</UnitOfMeasurePrice>
      <AllowDiscount>1</AllowDiscount>
      <ItemStatus>1</ItemStatus>
    </Item>
    <Item>
      <PriceUpdateDate>2020-01-19 15:43</PriceUpdateDate>
      <ItemCode>4009900482417</ItemCode>
      <ItemType>1</ItemType>
      <ItemName>אורביט באבל מינט בקבוק64</ItemName>
      <ManufacturerName>ריגלי פולין</ManufacturerName>
      <ManufactureCountry>PL</ManufactureCountry>
      <ManufacturerItemDescription>אורביט באבל מינט</ManufacturerItemDescription>
      <UnitQty>גרמים</UnitQty>
      <Quantity>64.00</Quantity>
      <bIsWeighted>0</bIsWeighted>
      <UnitOfMeasure>100 גרם</UnitOfMeasure>
      <QtyInPackage>0</QtyInPackage>
      <ItemPrice>11.90</ItemPrice>
      <UnitOfMeasurePrice>18.59</UnitOfMeasurePrice>
      <AllowDiscount>1</AllowDiscount>
      <ItemStatus>1</ItemStatus>
    </Item>
    <Item>
      <PriceUpdateDate>2020-01-20 00:09</PriceUpdateDate>
      <ItemCode>4009900483803</ItemCode>
      <ItemType>1</ItemType>
      <ItemName>איירוויבז מנטה M 84 גרם</ItemName>
      <ManufacturerName>---</ManufacturerName>
      <ManufactureCountry>PL</ManufactureCountry>
      <ManufacturerItemDescription>מסטיק איירוויבז</ManufacturerItemDescription>
      <UnitQty>גרמים</UnitQty>
      <Quantity>84.00</Quantity>
      <bIsWeighted>0</bIsWeighted>
      <UnitOfMeasure>100 גרם</UnitOfMeasure>
      <QtyInPackage>1</QtyInPackage>
      <ItemPrice>14.90</ItemPrice>
      <UnitOfMeasurePrice>17.74</UnitOfMeasurePrice>
      <AllowDiscount>1</AllowDiscount>
      <ItemStatus>1</ItemStatus>
    </Item>
    <Item>
      <PriceUpdateDate>2020-01-20 00:09</PriceUpdateDate>
      <ItemCode>4009900487283</ItemCode>
      <ItemType>1</ItemType>
      <ItemName>מסטיק סטיקס פירות 5 יח'</ItemName>
      <ManufacturerName>ריגלי צרפת</ManufacturerName>
      <ManufactureCountry>FR</ManufactureCountry>
      <ManufacturerItemDescription>מסטיק סטיקס</ManufacturerItemDescription>
      <UnitQty>גרמים</UnitQty>
      <Quantity>65.00</Quantity>
      <bIsWeighted>0</bIsWeighted>
      <UnitOfMeasure>100 גרם</UnitOfMeasure>
      <QtyInPackage>0</QtyInPackage>
      <ItemPrice>9.90</ItemPrice>
      <UnitOfMeasurePrice>15.23</UnitOfMeasurePrice>
      <AllowDiscount>1</AllowDiscount>
      <ItemStatus>1</ItemStatus>
    </Item>
    <Item>
      <PriceUpdateDate>2020-01-19 15:43</PriceUpdateDate>
      <ItemCode>4009900504218</ItemCode>
      <ItemType>1</ItemType>
      <ItemName>אורביט תפוז בקבוקון64ג</ItemName>
      <ManufacturerName>ריגלי</ManufacturerName>
      <ManufactureCountry>PL</ManufactureCountry>
      <ManufacturerItemDescription>אורביט בקבוקון</ManufacturerItemDescription>
      <UnitQty>גרמים</UnitQty>
      <Quantity>64.00</Quantity>
      <bIsWeighted>0</bIsWeighted>
      <UnitOfMeasure>100 גרם</UnitOfMeasure>
      <QtyInPackage>1</QtyInPackage>
      <ItemPrice>11.90</ItemPrice>
      <UnitOfMeasurePrice>18.59</UnitOfMeasurePrice>
      <AllowDiscount>1</AllowDiscount>
      <ItemStatus>1</ItemStatus>
    </Item>
    <Item>
      <PriceUpdateDate>2020-01-20 00:09</PriceUpdateDate>
      <ItemCode>4009900512350</ItemCode>
      <ItemType>1</ItemType>
      <ItemName>מסטיק 5 בוקס אבטיח69ג</ItemName>
      <ManufacturerName>ריגלי</ManufacturerName>
      <ManufactureCountry>RU</ManufactureCountry>
      <ManufacturerItemDescription>מסטיק פייב</ManufacturerItemDescription>
      <UnitQty>גרמים</UnitQty>
      <Quantity>69.00</Quantity>
      <bIsWeighted>0</bIsWeighted>
      <UnitOfMeasure>100 גרם</UnitOfMeasure>
      <QtyInPackage>1</QtyInPackage>
      <ItemPrice>9.90</ItemPrice>
      <UnitOfMeasurePrice>14.35</UnitOfMeasurePrice>
      <AllowDiscount>1</AllowDiscount>
      <ItemStatus>1</ItemStatus>
    </Item>
    <Item>
      <PriceUpdateDate>2020-01-19 15:43</PriceUpdateDate>
      <ItemCode>4009900525138</ItemCode>
      <ItemType>1</ItemType>
      <ItemName>מסטיק אורביט וויט תות64ג</ItemName>
      <ManufacturerName>---</ManufacturerName>
      <ManufactureCountry>PL</ManufactureCountry>
      <ManufacturerItemDescription>אורביט ווייט תות</ManufacturerItemDescription>
      <UnitQty>גרמים</UnitQty>
      <Quantity>64.00</Quantity>
      <bIsWeighted>0</bIsWeighted>
      <UnitOfMeasure>100 גרם</UnitOfMeasure>
      <QtyInPackage>1</QtyInPackage>
      <ItemPrice>11.90</ItemPrice>
      <UnitOfMeasurePrice>18.59</UnitOfMeasurePrice>
      <AllowDiscount>1</AllowDiscount>
      <ItemStatus>1</ItemStatus>
    </Item>
    <Item>
      <PriceUpdateDate>2020-01-20 00:09</PriceUpdateDate>
      <ItemCode>4009900531122</ItemCode>
      <ItemType>1</ItemType>
      <ItemName>מסטיק אורביט ספירמינט64ג</ItemName>
      <ManufacturerName>---</ManufacturerName>
      <ManufactureCountry>PL</ManufactureCountry>
      <ManufacturerItemDescription>אורביט ספירמינט</ManufacturerItemDescription>
      <UnitQty>גרמים</UnitQty>
      <Quantity>64.00</Quantity>
      <bIsWeighted>0</bIsWeighted>
      <UnitOfMeasure>100 גרם</UnitOfMeasure>
      <QtyInPackage>1</QtyInPackage>
      <ItemPrice>11.90</ItemPrice>
      <UnitOfMeasurePrice>18.59</UnitOfMeasurePrice>
      <AllowDiscount>1</AllowDiscount>
      <ItemStatus>1</ItemStatus>
    </Item>
    <Item>
      <PriceUpdateDate>2020-08-13 08:12</PriceUpdateDate>
      <ItemCode>4009900535632</ItemCode>
      <ItemType>1</ItemType>
      <ItemName>אורביט משמש וג'ינג'ר64ג</ItemName>
      <ManufacturerName>אורביט</ManufacturerName>
      <ManufactureCountry>PL</ManufactureCountry>
      <ManufacturerItemDescription>מסטיק אורביט</ManufacturerItemDescription>
      <UnitQty>גרמים</UnitQty>
      <Quantity>64.00</Quantity>
      <bIsWeighted>0</bIsWeighted>
      <UnitOfMeasure>100 גרם</UnitOfMeasure>
      <QtyInPackage>1</QtyInPackage>
      <ItemPrice>11.90</ItemPrice>
      <UnitOfMeasurePrice>18.59</UnitOfMeasurePrice>
      <AllowDiscount>1</AllowDiscount>
      <ItemStatus>1</ItemStatus>
    </Item>
    <Item>
      <PriceUpdateDate>2020-01-20 00:09</PriceUpdateDate>
      <ItemCode>40111216</ItemCode>
      <ItemType>1</ItemType>
      <ItemName>חטיף באונטי 57 גרם</ItemName>
      <ManufacturerName>מרס הולנד בי.וי.</ManufacturerName>
      <ManufactureCountry>NL</ManufactureCountry>
      <ManufacturerItemDescription>חטיף באונטי</ManufacturerItemDescription>
      <UnitQty>גרמים</UnitQty>
      <Quantity>57.00</Quantity>
      <bIsWeighted>0</bIsWeighted>
      <UnitOfMeasure>100 גרם</UnitOfMeasure>
      <QtyInPackage>0</QtyInPackage>
      <ItemPrice>3.90</ItemPrice>
      <UnitOfMeasurePrice>6.84</UnitOfMeasurePrice>
      <AllowDiscount>1</AllowDiscount>
      <ItemStatus>1</ItemStatus>
    </Item>
    <Item>
      <PriceUpdateDate>2020-10-10 22:40</PriceUpdateDate>
      <ItemCode>4011700431502</ItemCode>
      <ItemType>1</ItemType>
      <ItemName>אפטר שייב טבק לגבר 300מל</ItemName>
      <ManufacturerName>לילית בישום</ManufacturerName>
      <ManufactureCountry />
      <ManufacturerItemDescription>אפטר שייב טבק</ManufacturerItemDescription>
      <UnitQty>מיליליטרים</UnitQty>
      <Quantity>300.00</Quantity>
      <bIsWeighted>0</bIsWeighted>
      <UnitOfMeasure>100 מ"ל</UnitOfMeasure>
      <QtyInPackage>0</QtyInPackage>
      <ItemPrice>89.00</ItemPrice>
      <UnitOfMeasurePrice>29.67</UnitOfMeasurePrice>
      <AllowDiscount>1</AllowDiscount>
      <ItemStatus>1</ItemStatus>
    </Item>
    <Item>
      <PriceUpdateDate>2020-01-20 00:13</PriceUpdateDate>
      <ItemCode>4011700453085</ItemCode>
      <ItemType>1</ItemType>
      <ItemName>טבק א.ש75.</ItemName>
      <ManufacturerName>טאבק</ManufacturerName>
      <ManufactureCountry>IL</ManufactureCountry>
      <ManufacturerItemDescription>טבק א.ש75.</ManufacturerItemDescription>
      <UnitQty>מיליליטרים</UnitQty>
      <Quantity>75.00</Quantity>
      <bIsWeighted>0</bIsWeighted>
      <UnitOfMeasure>100 מ"ל</UnitOfMeasure>
      <QtyInPackage>0</QtyInPackage>
      <ItemPrice>48.90</ItemPrice>
      <UnitOfMeasurePrice>65.20</UnitOfMeasurePrice>
      <AllowDiscount>1</AllowDiscount>
      <ItemStatus>1</ItemStatus>
    </Item>
    <Item>
      <PriceUpdateDate>2020-01-20 00:09</PriceUpdateDate>
      <ItemCode>4011800628512</ItemCode>
      <ItemType>1</ItemType>
      <ItemName>קורני חט.דגנים+שוקולד6יח</ItemName>
      <ManufacturerName>Schwartauer</ManufacturerName>
      <ManufactureCountry>DE</ManufactureCountry>
      <ManufacturerItemDescription>קורני חטיף דגנים</ManufacturerItemDescription>
      <UnitQty>גרמים</UnitQty>
      <Quantity>150.00</Quantity>
      <bIsWeighted>0</bIsWeighted>
      <UnitOfMeasure>100 גרם</UnitOfMeasure>
      <QtyInPackage>0</QtyInPackage>
      <ItemPrice>15.90</ItemPrice>
      <UnitOfMeasurePrice>10.60</UnitOfMeasurePrice>
      <AllowDiscount>1</AllowDiscount>
      <ItemStatus>1</ItemStatus>
    </Item>
    <Item>
      <PriceUpdateDate>2020-01-20 00:09</PriceUpdateDate>
      <ItemCode>4011800635510</ItemCode>
      <ItemType>1</ItemType>
      <ItemName>קורני FREE אגוז שקד 6יח</ItemName>
      <ManufacturerName>Schwartauer</ManufacturerName>
      <ManufactureCountry>DE</ManufactureCountry>
      <ManufacturerItemDescription>קורני חטיף דגנים</ManufacturerItemDescription>
      <UnitQty>גרמים</UnitQty>
      <Quantity>120.00</Quantity>
      <bIsWeighted>0</bIsWeighted>
      <UnitOfMeasure>100 גרם</UnitOfMeasure>
      <QtyInPackage>0</QtyInPackage>
      <ItemPrice>15.90</ItemPrice>
      <UnitOfMeasurePrice>13.25</UnitOfMeasurePrice>
      <AllowDiscount>1</AllowDiscount>
      <ItemStatus>1</ItemStatus>
    </Item>
    <Item>
      <PriceUpdateDate>2020-10-10 21:30</PriceUpdateDate>
      <ItemCode>4014400901191</ItemCode>
      <ItemType>1</ItemType>
      <ItemName>בונבוניירה מרסי 250 גרם</ItemName>
      <ManufacturerName>אוגוסט שטורק</ManufacturerName>
      <ManufactureCountry>DE</ManufactureCountry>
      <ManufacturerItemDescription>בונבוניירת מרסי</ManufacturerItemDescription>
      <UnitQty>גרמים</UnitQty>
      <Quantity>250.00</Quantity>
      <bIsWeighted>0</bIsWeighted>
      <UnitOfMeasure>100 גרם</UnitOfMeasure>
      <QtyInPackage>0</QtyInPackage>
      <ItemPrice>20.00</ItemPrice>
      <UnitOfMeasurePrice>8.00</UnitOfMeasurePrice>
      <AllowDiscount>1</AllowDiscount>
      <ItemStatus>1</ItemStatus>
    </Item>
    <Item>
      <PriceUpdateDate>2020-01-20 00:14</PriceUpdateDate>
      <ItemCode>4015000280211</ItemCode>
      <ItemType>1</ItemType>
      <ItemName>דאו.רול און FA לימון 50מ</ItemName>
      <ManufacturerName>הנקל סוד</ManufacturerName>
      <ManufactureCountry>DE</ManufactureCountry>
      <ManufacturerItemDescription>דאודורנט FA</ManufacturerItemDescription>
      <UnitQty>מיליליטרים</UnitQty>
      <Quantity>50.00</Quantity>
      <bIsWeighted>0</bIsWeighted>
      <UnitOfMeasure>100 מ"ל</UnitOfMeasure>
      <QtyInPackage>0</QtyInPackage>
      <ItemPrice>11.50</ItemPrice>
      <UnitOfMeasurePrice>23.00</UnitOfMeasurePrice>
      <AllowDiscount>1</AllowDiscount>
      <ItemStatus>1</ItemStatus>
    </Item>
    <Item>
      <PriceUpdateDate>2020-01-20 00:14</PriceUpdateDate>
      <ItemCode>4015000280372</ItemCode>
      <ItemType>1</ItemType>
      <ItemName>דאו.רול און FA ספורט 50</ItemName>
      <ManufacturerName>הנקל סוד</ManufacturerName>
      <ManufactureCountry>DE</ManufactureCountry>
      <ManufacturerItemDescription>דאודורנט FA</ManufacturerItemDescription>
      <UnitQty>מיליליטרים</UnitQty>
      <Quantity>50.00</Quantity>
      <bIsWeighted>0</bIsWeighted>
      <UnitOfMeasure>100 מ"ל</UnitOfMeasure>
      <QtyInPackage>0</QtyInPackage>
      <ItemPrice>11.50</ItemPrice>
      <UnitOfMeasurePrice>23.00</UnitOfMeasurePrice>
      <AllowDiscount>1</AllowDiscount>
      <ItemStatus>1</ItemStatus>
    </Item>
    <Item>
      <PriceUpdateDate>2020-01-20 00:14</PriceUpdateDate>
      <ItemCode>4015000519915</ItemCode>
      <ItemType>1</ItemType>
      <ItemName>דאו.ספריי פינק פשיין 200</ItemName>
      <ManufacturerName>הנקל סוד</ManufacturerName>
      <ManufactureCountry>TR</ManufactureCountry>
      <ManufacturerItemDescription>דאודורנט FA</ManufacturerItemDescription>
      <UnitQty>מיליליטרים</UnitQty>
      <Quantity>200.00</Quantity>
      <bIsWeighted>0</bIsWeighted>
      <UnitOfMeasure>100 מ"ל</UnitOfMeasure>
      <QtyInPackage>0</QtyInPackage>
      <ItemPrice>11.90</ItemPrice>
      <UnitOfMeasurePrice>5.95</UnitOfMeasurePrice>
      <AllowDiscount>1</AllowDiscount>
      <ItemStatus>1</ItemStatus>
    </Item>
    <Item>
      <PriceUpdateDate>2020-01-20 00:14</PriceUpdateDate>
      <ItemCode>4015000615884</ItemCode>
      <ItemType>1</ItemType>
      <ItemName>דאו.ספרי FA לימון 200מ"ל</ItemName>
      <ManufacturerName>הנקל סוד</ManufacturerName>
      <ManufactureCountry>DE</ManufactureCountry>
      <ManufacturerItemDescription>דאודורנט FA</ManufacturerItemDescription>
      <UnitQty>מיליליטרים</UnitQty>
      <Quantity>200.00</Quantity>
      <bIsWeighted>0</bIsWeighted>
      <UnitOfMeasure>100 מ"ל</UnitOfMeasure>
      <QtyInPackage>0</QtyInPackage>
      <ItemPrice>11.90</ItemPrice>
      <UnitOfMeasurePrice>5.95</UnitOfMeasurePrice>
      <AllowDiscount>1</AllowDiscount>
      <ItemStatus>1</ItemStatus>
    </Item>
    <Item>
      <PriceUpdateDate>2020-01-20 00:14</PriceUpdateDate>
      <ItemCode>4015000615891</ItemCode>
      <ItemType>1</ItemType>
      <ItemName>דאו.ספריי FA אקווה 200מל</ItemName>
      <ManufacturerName>הנקל סוד</ManufacturerName>
      <ManufactureCountry>DE</ManufactureCountry>
      <ManufacturerItemDescription>דאודורנט FA</ManufacturerItemDescription>
      <UnitQty>מיליליטרים</UnitQty>
      <Quantity>200.00</Quantity>
      <bIsWeighted>0</bIsWeighted>
      <UnitOfMeasure>100 מ"ל</UnitOfMeasure>
      <QtyInPackage>0</QtyInPackage>
      <ItemPrice>11.90</ItemPrice>
      <UnitOfMeasurePrice>5.95</UnitOfMeasurePrice>
      <AllowDiscount>1</AllowDiscount>
      <ItemStatus>1</ItemStatus>
    </Item>
    <Item>
      <PriceUpdateDate>2020-01-20 00:14</PriceUpdateDate>
      <ItemCode>4015000615921</ItemCode>
      <ItemType>1</ItemType>
      <ItemName>דאו.ספרי FA ספורט גבר200</ItemName>
      <ManufacturerName>הנקל סוד</ManufacturerName>
      <ManufactureCountry>TR</ManufactureCountry>
      <ManufacturerItemDescription>דאודורנט FA</ManufacturerItemDescription>
      <UnitQty>מיליליטרים</UnitQty>
      <Quantity>200.00</Quantity>
      <bIsWeighted>0</bIsWeighted>
      <UnitOfMeasure>100 מ"ל</UnitOfMeasure>
      <QtyInPackage>0</QtyInPackage>
      <ItemPrice>11.90</ItemPrice>
      <UnitOfMeasurePrice>5.95</UnitOfMeasurePrice>
      <AllowDiscount>1</AllowDiscount>
      <ItemStatus>1</ItemStatus>
    </Item>
    <Item>
      <PriceUpdateDate>2020-01-20 00:14</PriceUpdateDate>
      <ItemCode>4015000940955</ItemCode>
      <ItemType>1</ItemType>
      <ItemName>שמפו גליס לטיפוח שיער400</ItemName>
      <ManufacturerName>שוורצקופ</ManufacturerName>
      <ManufactureCountry>DE</ManufactureCountry>
      <ManufacturerItemDescription>שמפו גליס</ManufacturerItemDescription>
      <UnitQty>מיליליטרים</UnitQty>
      <Quantity>400.00</Quantity>
      <bIsWeighted>0</bIsWeighted>
      <UnitOfMeasure>100 מ"ל</UnitOfMeasure>
      <QtyInPackage>0</QtyInPackage>
      <ItemPrice>17.90</ItemPrice>
      <UnitOfMeasurePrice>4.48</UnitOfMeasurePrice>
      <AllowDiscount>1</AllowDiscount>
      <ItemStatus>1</ItemStatus>
    </Item>
    <Item>
      <PriceUpdateDate>2020-01-20 00:14</PriceUpdateDate>
      <ItemCode>4015000976268</ItemCode>
      <ItemType>1</ItemType>
      <ItemName>גליס שמפו מיליון גלוס400</ItemName>
      <ManufacturerName>הנקל סוד</ManufacturerName>
      <ManufactureCountry>TR</ManufactureCountry>
      <ManufacturerItemDescription>שמפו גליס</ManufacturerItemDescription>
      <UnitQty>מיליליטרים</UnitQty>
      <Quantity>400.00</Quantity>
      <bIsWeighted>0</bIsWeighted>
      <UnitOfMeasure>100 מ"ל</UnitOfMeasure>
      <QtyInPackage>0</QtyInPackage>
      <ItemPrice>17.90</ItemPrice>
      <UnitOfMeasurePrice>4.48</UnitOfMeasurePrice>
      <AllowDiscount>1</AllowDiscount>
      <ItemStatus>1</ItemStatus>
    </Item>
    <Item>
      <PriceUpdateDate>2020-01-20 00:14</PriceUpdateDate>
      <ItemCode>4015000996204</ItemCode>
      <ItemType>1</ItemType>
      <ItemName>גליס שמפו תמצית שמן400</ItemName>
      <ManufacturerName>הנקל סוד</ManufacturerName>
      <ManufactureCountry>DE</ManufactureCountry>
      <ManufacturerItemDescription>שמפו גליס</ManufacturerItemDescription>
      <UnitQty>מיליליטרים</UnitQty>
      <Quantity>400.00</Quantity>
      <bIsWeighted>0</bIsWeighted>
      <UnitOfMeasure>100 מ"ל</UnitOfMeasure>
      <QtyInPackage>0</QtyInPackage>
      <ItemPrice>17.90</ItemPrice>
      <UnitOfMeasurePrice>4.48</UnitOfMeasurePrice>
      <AllowDiscount>1</AllowDiscount>
      <ItemStatus>1</ItemStatus>
    </Item>
    <Item>
      <PriceUpdateDate>2020-10-10 21:00</PriceUpdateDate>
      <ItemCode>4015000996235</ItemCode>
      <ItemType>1</ItemType>
      <ItemName>גליס מרכך ללא שטיפה200מ</ItemName>
      <ManufacturerName>הנקל סוד</ManufacturerName>
      <ManufactureCountry>SI</ManufactureCountry>
      <ManufacturerItemDescription>ספריי מרכך גליס</ManufacturerItemDescription>
      <UnitQty>מיליליטרים</UnitQty>
      <Quantity>200.00</Quantity>
      <bIsWeighted>0</bIsWeighted>
      <UnitOfMeasure>100 מ"ל</UnitOfMeasure>
      <QtyInPackage>0</QtyInPackage>
      <ItemPrice>20.00</ItemPrice>
      <UnitOfMeasurePrice>10.00</UnitOfMeasurePrice>
      <AllowDiscount>1</AllowDiscount>
      <ItemStatus>1</ItemStatus>
    </Item>
    <Item>
      <PriceUpdateDate>2020-01-20 00:14</PriceUpdateDate>
      <ItemCode>4015001004168</ItemCode>
      <ItemType>1</ItemType>
      <ItemName>גליס מרכך ללא שטיפה200מ</ItemName>
      <ManufacturerName>הנקל סוד</ManufacturerName>
      <ManufactureCountry>SI</ManufactureCountry>
      <ManufacturerItemDescription>ספריי מרכך גליס</ManufacturerItemDescription>
      <UnitQty>מיליליטרים</UnitQty>
      <Quantity>200.00</Quantity>
      <bIsWeighted>0</bIsWeighted>
      <UnitOfMeasure>100 מ"ל</UnitOfMeasure>
      <QtyInPackage>1</QtyInPackage>
      <ItemPrice>32.90</ItemPrice>
      <UnitOfMeasurePrice>16.45</UnitOfMeasurePrice>
      <AllowDiscount>1</AllowDiscount>
      <ItemStatus>1</ItemStatus>
    </Item>
    <Item>
      <PriceUpdateDate>2020-10-10 21:00</PriceUpdateDate>
      <ItemCode>4015100190762</ItemCode>
      <ItemType>1</ItemType>
      <ItemName>גליס מסכה תמצית שמן 300מ</ItemName>
      <ManufacturerName>הנקל סוד</ManufacturerName>
      <ManufactureCountry>SK</ManufactureCountry>
      <ManufacturerItemDescription>מסכת גליס</ManufacturerItemDescription>
      <UnitQty>מיליליטרים</UnitQty>
      <Quantity>300.00</Quantity>
      <bIsWeighted>0</bIsWeighted>
      <UnitOfMeasure>100 מ"ל</UnitOfMeasure>
      <QtyInPackage>1</QtyInPackage>
      <ItemPrice>20.00</ItemPrice>
      <UnitOfMeasurePrice>6.66</UnitOfMeasurePrice>
      <AllowDiscount>1</AllowDiscount>
      <ItemStatus>1</ItemStatus>
    </Item>
    <Item>
      <PriceUpdateDate>2020-10-10 21:00</PriceUpdateDate>
      <ItemCode>4015100190786</ItemCode>
      <ItemType>1</ItemType>
      <ItemName>גליס מסכה סרום שיקום 300</ItemName>
      <ManufacturerName>הנקל סוד</ManufacturerName>
      <ManufactureCountry>SK</ManufactureCountry>
      <ManufacturerItemDescription>מסכת גליס</ManufacturerItemDescription>
      <UnitQty>מיליליטרים</UnitQty>
      <Quantity>300.00</Quantity>
      <bIsWeighted>0</bIsWeighted>
      <UnitOfMeasure>100 מ"ל</UnitOfMeasure>
      <QtyInPackage>1</QtyInPackage>
      <ItemPrice>20.00</ItemPrice>
      <UnitOfMeasurePrice>6.66</UnitOfMeasurePrice>
      <AllowDiscount>1</AllowDiscount>
      <ItemStatus>1</ItemStatus>
    </Item>
    <Item>
      <PriceUpdateDate>2020-10-10 21:00</PriceUpdateDate>
      <ItemCode>4015100297928</ItemCode>
      <ItemType>1</ItemType>
      <ItemName>קונדישינר משקם אקספרס200</ItemName>
      <ManufacturerName>הובי קוסמטיק, אנקרה, תור</ManufacturerName>
      <ManufactureCountry>TR</ManufactureCountry>
      <ManufacturerItemDescription>קונדישינר משקם</ManufacturerItemDescription>
      <UnitQty>מיליליטרים</UnitQty>
      <Quantity>200.00</Quantity>
      <bIsWeighted>0</bIsWeighted>
      <UnitOfMeasure>100 מ"ל</UnitOfMeasure>
      <QtyInPackage>1</QtyInPackage>
      <ItemPrice>20.00</ItemPrice>
      <UnitOfMeasurePrice>10.00</UnitOfMeasurePrice>
      <AllowDiscount>1</AllowDiscount>
      <ItemStatus>1</ItemStatus>
    </Item>
    <Item>
      <PriceUpdateDate>2020-10-10 21:30</PriceUpdateDate>
      <ItemCode>4015100325294</ItemCode>
      <ItemType>1</ItemType>
      <ItemName>צבע שיער פלטה קיט 4.65</ItemName>
      <ManufacturerName>שוורצקופף &amp; הנקל דיסלדור</ManufacturerName>
      <ManufactureCountry>DE</ManufactureCountry>
      <ManufacturerItemDescription>צבע שיער פלטה</ManufacturerItemDescription>
      <UnitQty>יחידה</UnitQty>
      <Quantity>1.00</Quantity>
      <bIsWeighted>0</bIsWeighted>
      <UnitOfMeasure>יחידה</UnitOfMeasure>
      <QtyInPackage>1</QtyInPackage>
      <ItemPrice>29.90</ItemPrice>
      <UnitOfMeasurePrice>29.90</UnitOfMeasurePrice>
      <AllowDiscount>1</AllowDiscount>
      <ItemStatus>1</ItemStatus>
    </Item>
    <Item>
      <PriceUpdateDate>2020-01-20 00:14</PriceUpdateDate>
      <ItemCode>4015400269762</ItemCode>
      <ItemType>1</ItemType>
      <ItemName>טמפקס פרל רגולר 20יחידות</ItemName>
      <ManufacturerName>פרוקטר אנד גמבל</ManufacturerName>
      <ManufactureCountry>HU</ManufactureCountry>
      <ManufacturerItemDescription>טמפקס פרל</ManufacturerItemDescription>
      <UnitQty>יחידה</UnitQty>
      <Quantity>1.00</Quantity>
      <bIsWeighted>0</bIsWeighted>
      <UnitOfMeasure>יחידה</UnitOfMeasure>
      <QtyInPackage>0</QtyInPackage>
      <ItemPrice>23.90</ItemPrice>
      <UnitOfMeasurePrice>23.90</UnitOfMeasurePrice>
      <AllowDiscount>1</AllowDiscount>
      <ItemStatus>1</ItemStatus>
    </Item>
    <Item>
      <PriceUpdateDate>2020-01-20 00:14</PriceUpdateDate>
      <ItemCode>4015400269793</ItemCode>
      <ItemType>1</ItemType>
      <ItemName>טמפקס פרל סופר 18 יחידות</ItemName>
      <ManufacturerName>פרוקטר &amp; גמבל</ManufacturerName>
      <ManufactureCountry>HU</ManufactureCountry>
      <ManufacturerItemDescription>טמפקס פרל סופר</ManufacturerItemDescription>
      <UnitQty>יחידה</UnitQty>
      <Quantity>1.00</Quantity>
      <bIsWeighted>0</bIsWeighted>
      <UnitOfMeasure>יחידה</UnitOfMeasure>
      <QtyInPackage>0</QtyInPackage>
      <ItemPrice>23.90</ItemPrice>
      <UnitOfMeasurePrice>23.90</UnitOfMeasurePrice>
      <AllowDiscount>1</AllowDiscount>
      <ItemStatus>1</ItemStatus>
    </Item>
    <Item>
      <PriceUpdateDate>2020-10-10 19:40</PriceUpdateDate>
      <ItemCode>4015400562849</ItemCode>
      <ItemType>1</ItemType>
      <ItemName>60מגני תח.אולוויז דאו פק</ItemName>
      <ManufacturerName>פרוקטר &amp; גמבל</ManufacturerName>
      <ManufactureCountry>IL</ManufactureCountry>
      <ManufacturerItemDescription>מגן תחתון אולווי</ManufacturerItemDescription>
      <UnitQty>יחידה</UnitQty>
      <Quantity>1.00</Quantity>
      <bIsWeighted>0</bIsWeighted>
      <UnitOfMeasure>יחידה</UnitOfMeasure>
      <QtyInPackage>0</QtyInPackage>
      <ItemPrice>16.90</ItemPrice>
      <UnitOfMeasurePrice>16.90</UnitOfMeasurePrice>
      <AllowDiscount>1</AllowDiscount>
      <ItemStatus>1</ItemStatus>
    </Item>
    <Item>
      <PriceUpdateDate>2020-10-10 19:40</PriceUpdateDate>
      <ItemCode>4015400563747</ItemCode>
      <ItemType>1</ItemType>
      <ItemName>אולוויז תחתוניות נורמל 6</ItemName>
      <ManufacturerName>פרוקטר אנד גמבל</ManufacturerName>
      <ManufactureCountry>UA</ManufactureCountry>
      <ManufacturerItemDescription>אולוויז תחתוניות</ManufacturerItemDescription>
      <UnitQty>יחידה</UnitQty>
      <Quantity>1.00</Quantity>
      <bIsWeighted>0</bIsWeighted>
      <UnitOfMeasure>יחידה</UnitOfMeasure>
      <QtyInPackage>0</QtyInPackage>
      <ItemPrice>16.90</ItemPrice>
      <UnitOfMeasurePrice>16.90</UnitOfMeasurePrice>
      <AllowDiscount>1</AllowDiscount>
      <ItemStatus>1</ItemStatus>
    </Item>
    <Item>
      <PriceUpdateDate>2020-10-10 19:40</PriceUpdateDate>
      <ItemCode>4015400563846</ItemCode>
      <ItemType>1</ItemType>
      <ItemName>אולוויז תחתוניות לונג 44</ItemName>
      <ManufacturerName>פרוקטר אנד גמבל</ManufacturerName>
      <ManufactureCountry>DE</ManufactureCountry>
      <ManufacturerItemDescription>אולוויז תחתוניות</ManufacturerItemDescription>
      <UnitQty>יחידה</UnitQty>
      <Quantity>1.00</Quantity>
      <bIsWeighted>0</bIsWeighted>
      <UnitOfMeasure>יחידה</UnitOfMeasure>
      <QtyInPackage>0</QtyInPackage>
      <ItemPrice>16.90</ItemPrice>
      <UnitOfMeasurePrice>16.90</UnitOfMeasurePrice>
      <AllowDiscount>1</AllowDiscount>
      <ItemStatus>1</ItemStatus>
    </Item>
    <Item>
      <PriceUpdateDate>2020-10-10 19:40</PriceUpdateDate>
      <ItemCode>4015400564324</ItemCode>
      <ItemType>1</ItemType>
      <ItemName>אולוויז תחתוניות לארג 52</ItemName>
      <ManufacturerName>אולדייז</ManufacturerName>
      <ManufactureCountry>IL</ManufactureCountry>
      <ManufacturerItemDescription>אולוויז תחתוניות</ManufacturerItemDescription>
      <UnitQty>יחידה</UnitQty>
      <Quantity>1.00</Quantity>
      <bIsWeighted>0</bIsWeighted>
      <UnitOfMeasure>יחידה</UnitOfMeasure>
      <QtyInPackage>0</QtyInPackage>
      <ItemPrice>16.90</ItemPrice>
      <UnitOfMeasurePrice>16.90</UnitOfMeasurePrice>
      <AllowDiscount>1</AllowDiscount>
      <ItemStatus>1</ItemStatus>
    </Item>
    <Item>
      <PriceUpdateDate>2020-10-10 19:40</PriceUpdateDate>
      <ItemCode>4015400565574</ItemCode>
      <ItemType>1</ItemType>
      <ItemName>58מגני תח.אולוויז פרש</ItemName>
      <ManufacturerName>פרוקטר אנד גמבל</ManufacturerName>
      <ManufactureCountry>UA</ManufactureCountry>
      <ManufacturerItemDescription>מגן תחתון אולווי</ManufacturerItemDescription>
      <UnitQty>יחידה</UnitQty>
      <Quantity>1.00</Quantity>
      <bIsWeighted>0</bIsWeighted>
      <UnitOfMeasure>יחידה</UnitOfMeasure>
      <QtyInPackage>0</QtyInPackage>
      <ItemPrice>16.90</ItemPrice>
      <UnitOfMeasurePrice>16.90</UnitOfMeasurePrice>
      <AllowDiscount>1</AllowDiscount>
      <ItemStatus>1</ItemStatus>
    </Item>
    <Item>
      <PriceUpdateDate>2020-10-10 19:40</PriceUpdateDate>
      <ItemCode>4015400629368</ItemCode>
      <ItemType>1</ItemType>
      <ItemName>דיסקריט 16תחבושות סמול+</ItemName>
      <ManufacturerName>פרוקטר אנד גמבל</ManufacturerName>
      <ManufactureCountry>DE</ManufactureCountry>
      <ManufacturerItemDescription>דיסקריט תחבושות</ManufacturerItemDescription>
      <UnitQty>יחידה</UnitQty>
      <Quantity>1.00</Quantity>
      <bIsWeighted>0</bIsWeighted>
      <UnitOfMeasure>יחידה</UnitOfMeasure>
      <QtyInPackage>1</QtyInPackage>
      <ItemPrice>16.90</ItemPrice>
      <UnitOfMeasurePrice>16.90</UnitOfMeasurePrice>
      <AllowDiscount>1</AllowDiscount>
      <ItemStatus>1</ItemStatus>
    </Item>
    <Item>
      <PriceUpdateDate>2020-10-10 19:40</PriceUpdateDate>
      <ItemCode>4015400681670</ItemCode>
      <ItemType>1</ItemType>
      <ItemName>18תחב.אולוייז לילה בטוח</ItemName>
      <ManufacturerName>פרוקטר אנד גמבל</ManufacturerName>
      <ManufactureCountry>UA</ManufactureCountry>
      <ManufacturerItemDescription>תחבושות אולוייז</ManufacturerItemDescription>
      <UnitQty>יחידה</UnitQty>
      <Quantity>1.00</Quantity>
      <bIsWeighted>0</bIsWeighted>
      <UnitOfMeasure>יחידה</UnitOfMeasure>
      <QtyInPackage>0</QtyInPackage>
      <ItemPrice>16.90</ItemPrice>
      <UnitOfMeasurePrice>16.90</UnitOfMeasurePrice>
      <AllowDiscount>1</AllowDiscount>
      <ItemStatus>1</ItemStatus>
    </Item>
    <Item>
      <PriceUpdateDate>2020-10-10 19:40</PriceUpdateDate>
      <ItemCode>4015400731719</ItemCode>
      <ItemType>1</ItemType>
      <ItemName>20 תח.אולוייז דואו לילה</ItemName>
      <ManufacturerName>פרוקטר אנד גמבל</ManufacturerName>
      <ManufactureCountry>UA</ManufactureCountry>
      <ManufacturerItemDescription>תחבושות אולוייז</ManufacturerItemDescription>
      <UnitQty>יחידה</UnitQty>
      <Quantity>1.00</Quantity>
      <bIsWeighted>0</bIsWeighted>
      <UnitOfMeasure>יחידה</UnitOfMeasure>
      <QtyInPackage>1</QtyInPackage>
      <ItemPrice>16.90</ItemPrice>
      <UnitOfMeasurePrice>16.90</UnitOfMeasurePrice>
      <AllowDiscount>1</AllowDiscount>
      <ItemStatus>1</ItemStatus>
    </Item>
    <Item>
      <PriceUpdateDate>2020-10-10 19:40</PriceUpdateDate>
      <ItemCode>4015400755241</ItemCode>
      <ItemType>1</ItemType>
      <ItemName>28תח.אולוייז דואו נורמל+</ItemName>
      <ManufacturerName>פרוקטר אנד גמבל</ManufacturerName>
      <ManufactureCountry>UA</ManufactureCountry>
      <ManufacturerItemDescription>תחבושות אולוייז</ManufacturerItemDescription>
      <UnitQty>יחידה</UnitQty>
      <Quantity>1.00</Quantity>
      <bIsWeighted>0</bIsWeighted>
      <UnitOfMeasure>יחידה</UnitOfMeasure>
      <QtyInPackage>1</QtyInPackage>
      <ItemPrice>16.90</ItemPrice>
      <UnitOfMeasurePrice>16.90</UnitOfMeasurePrice>
      <AllowDiscount>1</AllowDiscount>
      <ItemStatus>1</ItemStatus>
    </Item>
    <Item>
      <PriceUpdateDate>2020-10-10 19:40</PriceUpdateDate>
      <ItemCode>4015400755487</ItemCode>
      <ItemType>1</ItemType>
      <ItemName>24 תח.אולוייז דואו לונג</ItemName>
      <ManufacturerName>פרוקטר אנד גמבל</ManufacturerName>
      <ManufactureCountry>UA</ManufactureCountry>
      <ManufacturerItemDescription>תחבושות אולוייז</ManufacturerItemDescription>
      <UnitQty>יחידה</UnitQty>
      <Quantity>1.00</Quantity>
      <bIsWeighted>0</bIsWeighted>
      <UnitOfMeasure>יחידה</UnitOfMeasure>
      <QtyInPackage>1</QtyInPackage>
      <ItemPrice>16.90</ItemPrice>
      <UnitOfMeasurePrice>16.90</UnitOfMeasurePrice>
      <AllowDiscount>1</AllowDiscount>
      <ItemStatus>1</ItemStatus>
    </Item>
    <Item>
      <PriceUpdateDate>2020-01-20 00:14</PriceUpdateDate>
      <ItemCode>4015400824725</ItemCode>
      <ItemType>1</ItemType>
      <ItemName>טמפקס פלאש סופר 30 יח'</ItemName>
      <ManufacturerName>פרוקטר אנד גמבל</ManufacturerName>
      <ManufactureCountry>HU</ManufactureCountry>
      <ManufacturerItemDescription>טמפקס פלאש סופר</ManufacturerItemDescription>
      <UnitQty>יחידה</UnitQty>
      <Quantity>1.00</Quantity>
      <bIsWeighted>0</bIsWeighted>
      <UnitOfMeasure>יחידה</UnitOfMeasure>
      <QtyInPackage>0</QtyInPackage>
      <ItemPrice>27.90</ItemPrice>
      <UnitOfMeasurePrice>27.90</UnitOfMeasurePrice>
      <AllowDiscount>1</AllowDiscount>
      <ItemStatus>1</ItemStatus>
    </Item>
    <Item>
      <PriceUpdateDate>2020-10-10 20:20</PriceUpdateDate>
      <ItemCode>4015600763251</ItemCode>
      <ItemType>1</ItemType>
      <ItemName>שמפו הד&amp;שולדרס קלאסי 600</ItemName>
      <ManufacturerName>פרוקטר אנד גמבל</ManufacturerName>
      <ManufactureCountry>RO</ManufactureCountry>
      <ManufacturerItemDescription>שמפו הד&amp;שולדרס</ManufacturerItemDescription>
      <UnitQty>מיליליטרים</UnitQty>
      <Quantity>600.00</Quantity>
      <bIsWeighted>0</bIsWeighted>
      <UnitOfMeasure>100 מ"ל</UnitOfMeasure>
      <QtyInPackage>0</QtyInPackage>
      <ItemPrice>19.90</ItemPrice>
      <UnitOfMeasurePrice>3.32</UnitOfMeasurePrice>
      <AllowDiscount>1</AllowDiscount>
      <ItemStatus>1</ItemStatus>
    </Item>
    <Item>
      <PriceUpdateDate>2020-10-10 20:20</PriceUpdateDate>
      <ItemCode>4015600763299</ItemCode>
      <ItemType>1</ItemType>
      <ItemName>הד&amp;שולדרס 2ב1- 600 מ"ל</ItemName>
      <ManufacturerName>פרוקטר אנד גמבל</ManufacturerName>
      <ManufactureCountry>RO</ManufactureCountry>
      <ManufacturerItemDescription>שמפו הד&amp;שולדרס</ManufacturerItemDescription>
      <UnitQty>מיליליטרים</UnitQty>
      <Quantity>600.00</Quantity>
      <bIsWeighted>0</bIsWeighted>
      <UnitOfMeasure>100 מ"ל</UnitOfMeasure>
      <QtyInPackage>0</QtyInPackage>
      <ItemPrice>19.90</ItemPrice>
      <UnitOfMeasurePrice>3.32</UnitOfMeasurePrice>
      <AllowDiscount>1</AllowDiscount>
      <ItemStatus>1</ItemStatus>
    </Item>
    <Item>
      <PriceUpdateDate>2020-10-10 20:20</PriceUpdateDate>
      <ItemCode>4015600763411</ItemCode>
      <ItemType>1</ItemType>
      <ItemName>שמפו הד&amp;שולדרס מנטול 600</ItemName>
      <ManufacturerName>פרוקטר אנד גמבל</ManufacturerName>
      <ManufactureCountry>RO</ManufactureCountry>
      <ManufacturerItemDescription>שמפו הד&amp;שולדרס</ManufacturerItemDescription>
      <UnitQty>מיליליטרים</UnitQty>
      <Quantity>600.00</Quantity>
      <bIsWeighted>0</bIsWeighted>
      <UnitOfMeasure>100 מ"ל</UnitOfMeasure>
      <QtyInPackage>0</QtyInPackage>
      <ItemPrice>19.90</ItemPrice>
      <UnitOfMeasurePrice>3.32</UnitOfMeasurePrice>
      <AllowDiscount>1</AllowDiscount>
      <ItemStatus>1</ItemStatus>
    </Item>
    <Item>
      <PriceUpdateDate>2020-10-10 20:20</PriceUpdateDate>
      <ItemCode>4015600763459</ItemCode>
      <ItemType>1</ItemType>
      <ItemName>שמפו הד&amp;שולדרס תפוח 600</ItemName>
      <ManufacturerName>פרוקטר אנד גמבל</ManufacturerName>
      <ManufactureCountry>RO</ManufactureCountry>
      <ManufacturerItemDescription>שמפו הד&amp;שולדרס</ManufacturerItemDescription>
      <UnitQty>מיליליטרים</UnitQty>
      <Quantity>600.00</Quantity>
      <bIsWeighted>0</bIsWeighted>
      <UnitOfMeasure>100 מ"ל</UnitOfMeasure>
      <QtyInPackage>0</QtyInPackage>
      <ItemPrice>19.90</ItemPrice>
      <UnitOfMeasurePrice>3.32</UnitOfMeasurePrice>
      <AllowDiscount>1</AllowDiscount>
      <ItemStatus>1</ItemStatus>
    </Item>
    <Item>
      <PriceUpdateDate>2020-10-10 20:20</PriceUpdateDate>
      <ItemCode>4015600763534</ItemCode>
      <ItemType>1</ItemType>
      <ItemName>הד&amp;שולדרס מגע משי 600מ</ItemName>
      <ManufacturerName>פרוקטר אנד גמבל</ManufacturerName>
      <ManufactureCountry>RO</ManufactureCountry>
      <ManufacturerItemDescription>שמפו הד&amp;שולדרס</ManufacturerItemDescription>
      <UnitQty>מיליליטרים</UnitQty>
      <Quantity>600.00</Quantity>
      <bIsWeighted>0</bIsWeighted>
      <UnitOfMeasure>100 מ"ל</UnitOfMeasure>
      <QtyInPackage>0</QtyInPackage>
      <ItemPrice>19.90</ItemPrice>
      <UnitOfMeasurePrice>3.32</UnitOfMeasurePrice>
      <AllowDiscount>1</AllowDiscount>
      <ItemStatus>1</ItemStatus>
    </Item>
    <Item>
      <PriceUpdateDate>2020-10-10 20:20</PriceUpdateDate>
      <ItemCode>4015600766658</ItemCode>
      <ItemType>1</ItemType>
      <ItemName>שמפו הד&amp;שולדרס 2ב1- 600</ItemName>
      <ManufacturerName>פרוקטר אנד גמבל</ManufacturerName>
      <ManufactureCountry>RO</ManufactureCountry>
      <ManufacturerItemDescription>שמפו הד&amp;שולדרס</ManufacturerItemDescription>
      <UnitQty>מיליליטרים</UnitQty>
      <Quantity>600.00</Quantity>
      <bIsWeighted>0</bIsWeighted>
      <UnitOfMeasure>100 מ"ל</UnitOfMeasure>
      <QtyInPackage>0</QtyInPackage>
      <ItemPrice>19.90</ItemPrice>
      <UnitOfMeasurePrice>3.32</UnitOfMeasurePrice>
      <AllowDiscount>1</AllowDiscount>
      <ItemStatus>1</ItemStatus>
    </Item>
    <Item>
      <PriceUpdateDate>2020-10-14 09:10</PriceUpdateDate>
      <ItemCode>4015600807436</ItemCode>
      <ItemType>1</ItemType>
      <ItemName>דאו.ג'ל PB-CW-</ItemName>
      <ManufacturerName>פרוקטר אנד גמבל</ManufacturerName>
      <ManufactureCountry>US</ManufactureCountry>
      <ManufacturerItemDescription>דאודורנט ג'ל</ManufacturerItemDescription>
      <UnitQty>מיליליטרים</UnitQty>
      <Quantity>75.00</Quantity>
      <bIsWeighted>0</bIsWeighted>
      <UnitOfMeasure>100 מ"ל</UnitOfMeasure>
      <QtyInPackage>0</QtyInPackage>
      <ItemPrice>19.90</ItemPrice>
      <UnitOfMeasurePrice>26.53</UnitOfMeasurePrice>
      <AllowDiscount>1</AllowDiscount>
      <ItemStatus>1</ItemStatus>
    </Item>
    <Item>
      <PriceUpdateDate>2020-10-14 09:10</PriceUpdateDate>
      <ItemCode>4015600807573</ItemCode>
      <ItemType>1</ItemType>
      <ItemName>דאו.ג'ל PA-PB 75 מ"ל</ItemName>
      <ManufacturerName>פרוקטר אנד גמבל</ManufacturerName>
      <ManufactureCountry>US</ManufactureCountry>
      <ManufacturerItemDescription>דאודורנט ג'ל</ManufacturerItemDescription>
      <UnitQty>מיליליטרים</UnitQty>
      <Quantity>75.00</Quantity>
      <bIsWeighted>0</bIsWeighted>
      <UnitOfMeasure>100 מ"ל</UnitOfMeasure>
      <QtyInPackage>0</QtyInPackage>
      <ItemPrice>19.90</ItemPrice>
      <UnitOfMeasurePrice>26.53</UnitOfMeasurePrice>
      <AllowDiscount>1</AllowDiscount>
      <ItemStatus>1</ItemStatus>
    </Item>
    <Item>
      <PriceUpdateDate>2020-10-14 09:10</PriceUpdateDate>
      <ItemCode>4015600810849</ItemCode>
      <ItemType>1</ItemType>
      <ItemName>דאו.קליר ג'ל פאוייר70מ</ItemName>
      <ManufacturerName>פרוקטר אנד גמבל</ManufacturerName>
      <ManufactureCountry>PL</ManufactureCountry>
      <ManufacturerItemDescription>דאודורנט קליר</ManufacturerItemDescription>
      <UnitQty>מיליליטרים</UnitQty>
      <Quantity>70.00</Quantity>
      <bIsWeighted>0</bIsWeighted>
      <UnitOfMeasure>100 מ"ל</UnitOfMeasure>
      <QtyInPackage>0</QtyInPackage>
      <ItemPrice>16.90</ItemPrice>
      <UnitOfMeasurePrice>24.14</UnitOfMeasurePrice>
      <AllowDiscount>1</AllowDiscount>
      <ItemStatus>1</ItemStatus>
    </Item>
    <Item>
      <PriceUpdateDate>2020-01-20 00:09</PriceUpdateDate>
      <ItemCode>4017100364112</ItemCode>
      <ItemType>1</ItemType>
      <ItemName>עוג.סנדוויץ היט קקאו220ג</ItemName>
      <ManufacturerName>באלסן</ManufacturerName>
      <ManufactureCountry>PL</ManufactureCountry>
      <ManufacturerItemDescription>עוגיות סנדוויץ</ManufacturerItemDescription>
      <UnitQty>גרמים</UnitQty>
      <Quantity>220.00</Quantity>
      <bIsWeighted>0</bIsWeighted>
      <UnitOfMeasure>100 גרם</UnitOfMeasure>
      <QtyInPackage>1</QtyInPackage>
      <ItemPrice>8.90</ItemPrice>
      <UnitOfMeasurePrice>4.05</UnitOfMeasurePrice>
      <AllowDiscount>1</AllowDiscount>
      <ItemStatus>1</ItemStatus>
    </Item>
    <Item>
      <PriceUpdateDate>2020-01-31 05:46</PriceUpdateDate>
      <ItemCode>4030539022385</ItemCode>
      <ItemType>1</ItemType>
      <ItemName>ML 1000 AQUA</ItemName>
      <ManufacturerName>כללי</ManufacturerName>
      <ManufactureCountry />
      <ManufacturerItemDescription>ML 1000 AQUA</ManufacturerItemDescription>
      <UnitQty>יחידה</UnitQty>
      <Quantity>1.00</Quantity>
      <bIsWeighted>0</bIsWeighted>
      <UnitOfMeasure>יחידה</UnitOfMeasure>
      <QtyInPackage>0</QtyInPackage>
      <ItemPrice>15.90</ItemPrice>
      <UnitOfMeasurePrice>15.90</UnitOfMeasurePrice>
      <AllowDiscount>1</AllowDiscount>
      <ItemStatus>1</ItemStatus>
    </Item>
    <Item>
      <PriceUpdateDate>2020-10-10 21:00</PriceUpdateDate>
      <ItemCode>4045787068238</ItemCode>
      <ItemType>1</ItemType>
      <ItemName>פרוטאין קולור מס10'</ItemName>
      <ManufacturerName>הנקל סוד</ManufacturerName>
      <ManufactureCountry>DE</ManufactureCountry>
      <ManufacturerItemDescription>פרוטאין קולור</ManufacturerItemDescription>
      <UnitQty>יחידה</UnitQty>
      <Quantity>1.00</Quantity>
      <bIsWeighted>0</bIsWeighted>
      <UnitOfMeasure>יחידה</UnitOfMeasure>
      <QtyInPackage>0</QtyInPackage>
      <ItemPrice>11.90</ItemPrice>
      <UnitOfMeasurePrice>11.90</UnitOfMeasurePrice>
      <AllowDiscount>1</AllowDiscount>
      <ItemStatus>1</ItemStatus>
    </Item>
    <Item>
      <PriceUpdateDate>2020-10-10 21:00</PriceUpdateDate>
      <ItemCode>4045787068245</ItemCode>
      <ItemType>1</ItemType>
      <ItemName>פרוטאין קולור מס1000.0'</ItemName>
      <ManufacturerName>הנקל סוד</ManufacturerName>
      <ManufactureCountry>DE</ManufactureCountry>
      <ManufacturerItemDescription>פרוטאין קולור</ManufacturerItemDescription>
      <UnitQty>יחידה</UnitQty>
      <Quantity>1.00</Quantity>
      <bIsWeighted>0</bIsWeighted>
      <UnitOfMeasure>יחידה</UnitOfMeasure>
      <QtyInPackage>0</QtyInPackage>
      <ItemPrice>11.90</ItemPrice>
      <UnitOfMeasurePrice>11.90</UnitOfMeasurePrice>
      <AllowDiscount>1</AllowDiscount>
      <ItemStatus>1</ItemStatus>
    </Item>
    <Item>
      <PriceUpdateDate>2020-10-10 21:00</PriceUpdateDate>
      <ItemCode>4045787068252</ItemCode>
      <ItemType>1</ItemType>
      <ItemName>פרוטאין קולור מס1000.1'</ItemName>
      <ManufacturerName>הנקל סוד</ManufacturerName>
      <ManufactureCountry>DE</ManufactureCountry>
      <ManufacturerItemDescription>פרוטאין קולור</ManufacturerItemDescription>
      <UnitQty>יחידה</UnitQty>
      <Quantity>1.00</Quantity>
      <bIsWeighted>0</bIsWeighted>
      <UnitOfMeasure>יחידה</UnitOfMeasure>
      <QtyInPackage>0</QtyInPackage>
      <ItemPrice>11.90</ItemPrice>
      <UnitOfMeasurePrice>11.90</UnitOfMeasurePrice>
      <AllowDiscount>1</AllowDiscount>
      <ItemStatus>1</ItemStatus>
    </Item>
    <Item>
      <PriceUpdateDate>2020-10-10 21:00</PriceUpdateDate>
      <ItemCode>4045787068290</ItemCode>
      <ItemType>1</ItemType>
      <ItemName>פרוטאין קולור 3 חום שחור</ItemName>
      <ManufacturerName>הנקל סוד</ManufacturerName>
      <ManufactureCountry>DE</ManufactureCountry>
      <ManufacturerItemDescription>פרוטאין קולור</ManufacturerItemDescription>
      <UnitQty>יחידה</UnitQty>
      <Quantity>1.00</Quantity>
      <bIsWeighted>0</bIsWeighted>
      <UnitOfMeasure>יחידה</UnitOfMeasure>
      <QtyInPackage>0</QtyInPackage>
      <ItemPrice>11.90</ItemPrice>
      <UnitOfMeasurePrice>11.90</UnitOfMeasurePrice>
      <AllowDiscount>1</AllowDiscount>
      <ItemStatus>1</ItemStatus>
    </Item>
    <Item>
      <PriceUpdateDate>2020-10-10 21:00</PriceUpdateDate>
      <ItemCode>4045787068306</ItemCode>
      <ItemType>1</ItemType>
      <ItemName>פרוטאין קולור מס4'</ItemName>
      <ManufacturerName>הנקל סוד</ManufacturerName>
      <ManufactureCountry>DE</ManufactureCountry>
      <ManufacturerItemDescription>פרוטאין קולור</ManufacturerItemDescription>
      <UnitQty>יחידה</UnitQty>
      <Quantity>1.00</Quantity>
      <bIsWeighted>0</bIsWeighted>
      <UnitOfMeasure>יחידה</UnitOfMeasure>
      <QtyInPackage>0</QtyInPackage>
      <ItemPrice>11.90</ItemPrice>
      <UnitOfMeasurePrice>11.90</UnitOfMeasurePrice>
      <AllowDiscount>1</AllowDiscount>
      <ItemStatus>1</ItemStatus>
    </Item>
    <Item>
      <PriceUpdateDate>2020-10-10 21:00</PriceUpdateDate>
      <ItemCode>4045787068313</ItemCode>
      <ItemType>1</ItemType>
      <ItemName>פרוטאין קולור מס4.37'</ItemName>
      <ManufacturerName>הנקל סוד</ManufacturerName>
      <ManufactureCountry>DE</ManufactureCountry>
      <ManufacturerItemDescription>פרוטאין קולור</ManufacturerItemDescription>
      <UnitQty>יחידה</UnitQty>
      <Quantity>1.00</Quantity>
      <bIsWeighted>0</bIsWeighted>
      <UnitOfMeasure>יחידה</UnitOfMeasure>
      <QtyInPackage>0</QtyInPackage>
      <ItemPrice>11.90</ItemPrice>
      <UnitOfMeasurePrice>11.90</UnitOfMeasurePrice>
      <AllowDiscount>1</AllowDiscount>
      <ItemStatus>1</ItemStatus>
    </Item>
    <Item>
      <PriceUpdateDate>2020-10-10 21:00</PriceUpdateDate>
      <ItemCode>4045787068320</ItemCode>
      <ItemType>1</ItemType>
      <ItemName>פרוטאין קולור 5 חום</ItemName>
      <ManufacturerName>הנקל סוד</ManufacturerName>
      <ManufactureCountry>DE</ManufactureCountry>
      <ManufacturerItemDescription>פרוטאין קולור</ManufacturerItemDescription>
      <UnitQty>יחידה</UnitQty>
      <Quantity>1.00</Quantity>
      <bIsWeighted>0</bIsWeighted>
      <UnitOfMeasure>יחידה</UnitOfMeasure>
      <QtyInPackage>0</QtyInPackage>
      <ItemPrice>11.90</ItemPrice>
      <UnitOfMeasurePrice>11.90</UnitOfMeasurePrice>
      <AllowDiscount>1</AllowDiscount>
      <ItemStatus>1</ItemStatus>
    </Item>
    <Item>
      <PriceUpdateDate>2020-10-10 21:00</PriceUpdateDate>
      <ItemCode>4045787068337</ItemCode>
      <ItemType>1</ItemType>
      <ItemName>פרוטאין קולור מס5.35'</ItemName>
      <ManufacturerName>הנקל סוד</ManufacturerName>
      <ManufactureCountry>DE</ManufactureCountry>
      <ManufacturerItemDescription>פרטאין קולור</ManufacturerItemDescription>
      <UnitQty>יחידה</UnitQty>
      <Quantity>1.00</Quantity>
      <bIsWeighted>0</bIsWeighted>
      <UnitOfMeasure>יחידה</UnitOfMeasure>
      <QtyInPackage>0</QtyInPackage>
      <ItemPrice>11.90</ItemPrice>
      <UnitOfMeasurePrice>11.90</UnitOfMeasurePrice>
      <AllowDiscount>1</AllowDiscount>
      <ItemStatus>1</ItemStatus>
    </Item>
    <Item>
      <PriceUpdateDate>2020-10-10 21:00</PriceUpdateDate>
      <ItemCode>4045787068375</ItemCode>
      <ItemType>1</ItemType>
      <ItemName>פרוטאין קולור6 שחור כהה</ItemName>
      <ManufacturerName>הנקל סוד</ManufacturerName>
      <ManufactureCountry>DE</ManufactureCountry>
      <ManufacturerItemDescription>פרוטאין קולור</ManufacturerItemDescription>
      <UnitQty>יחידה</UnitQty>
      <Quantity>1.00</Quantity>
      <bIsWeighted>0</bIsWeighted>
      <UnitOfMeasure>יחידה</UnitOfMeasure>
      <QtyInPackage>0</QtyInPackage>
      <ItemPrice>11.90</ItemPrice>
      <UnitOfMeasurePrice>11.90</UnitOfMeasurePrice>
      <AllowDiscount>1</AllowDiscount>
      <ItemStatus>1</ItemStatus>
    </Item>
    <Item>
      <PriceUpdateDate>2020-10-10 21:00</PriceUpdateDate>
      <ItemCode>4045787068382</ItemCode>
      <ItemType>1</ItemType>
      <ItemName>פרוטאין קולור מס6' 6.03</ItemName>
      <ManufacturerName>הנקל סוד</ManufacturerName>
      <ManufactureCountry>DE</ManufactureCountry>
      <ManufacturerItemDescription>פרוטאין קולור</ManufacturerItemDescription>
      <UnitQty>יחידה</UnitQty>
      <Quantity>1.00</Quantity>
      <bIsWeighted>0</bIsWeighted>
      <UnitOfMeasure>יחידה</UnitOfMeasure>
      <QtyInPackage>0</QtyInPackage>
      <ItemPrice>11.90</ItemPrice>
      <UnitOfMeasurePrice>11.90</UnitOfMeasurePrice>
      <AllowDiscount>1</AllowDiscount>
      <ItemStatus>1</ItemStatus>
    </Item>
    <Item>
      <PriceUpdateDate>2020-10-10 21:00</PriceUpdateDate>
      <ItemCode>4045787068405</ItemCode>
      <ItemType>1</ItemType>
      <ItemName>פרוטאין קולור מס6.23'</ItemName>
      <ManufacturerName>---</ManufacturerName>
      <ManufactureCountry>DE</ManufactureCountry>
      <ManufacturerItemDescription>פרוטאין קולור</ManufacturerItemDescription>
      <UnitQty>יחידה</UnitQty>
      <Quantity>1.00</Quantity>
      <bIsWeighted>0</bIsWeighted>
      <UnitOfMeasure>יחידה</UnitOfMeasure>
      <QtyInPackage>0</QtyInPackage>
      <ItemPrice>11.90</ItemPrice>
      <UnitOfMeasurePrice>11.90</UnitOfMeasurePrice>
      <AllowDiscount>1</AllowDiscount>
      <ItemStatus>1</ItemStatus>
    </Item>
    <Item>
      <PriceUpdateDate>2020-10-10 21:00</PriceUpdateDate>
      <ItemCode>4045787068429</ItemCode>
      <ItemType>1</ItemType>
      <ItemName>פרוטאין קולור מס6.4'</ItemName>
      <ManufacturerName>---</ManufacturerName>
      <ManufactureCountry>DE</ManufactureCountry>
      <ManufacturerItemDescription>פרוטאין קולור</ManufacturerItemDescription>
      <UnitQty>יחידה</UnitQty>
      <Quantity>1.00</Quantity>
      <bIsWeighted>0</bIsWeighted>
      <UnitOfMeasure>יחידה</UnitOfMeasure>
      <QtyInPackage>0</QtyInPackage>
      <ItemPrice>11.90</ItemPrice>
      <UnitOfMeasurePrice>11.90</UnitOfMeasurePrice>
      <AllowDiscount>1</AllowDiscount>
      <ItemStatus>1</ItemStatus>
    </Item>
    <Item>
      <PriceUpdateDate>2020-10-10 21:00</PriceUpdateDate>
      <ItemCode>4045787068467</ItemCode>
      <ItemType>1</ItemType>
      <ItemName>פרוטאין קולור מס7'</ItemName>
      <ManufacturerName>הנקל סוד</ManufacturerName>
      <ManufactureCountry>DE</ManufactureCountry>
      <ManufacturerItemDescription>פרוטאין קולור</ManufacturerItemDescription>
      <UnitQty>יחידה</UnitQty>
      <Quantity>1.00</Quantity>
      <bIsWeighted>0</bIsWeighted>
      <UnitOfMeasure>יחידה</UnitOfMeasure>
      <QtyInPackage>0</QtyInPackage>
      <ItemPrice>11.90</ItemPrice>
      <UnitOfMeasurePrice>11.90</UnitOfMeasurePrice>
      <AllowDiscount>1</AllowDiscount>
      <ItemStatus>1</ItemStatus>
    </Item>
    <Item>
      <PriceUpdateDate>2020-10-10 21:00</PriceUpdateDate>
      <ItemCode>4045787068498</ItemCode>
      <ItemType>1</ItemType>
      <ItemName>פרוטאין קלור מס7.3'</ItemName>
      <ManufacturerName>הנקל סוד</ManufacturerName>
      <ManufactureCountry>DE</ManufactureCountry>
      <ManufacturerItemDescription>פרוטאין קולור</ManufacturerItemDescription>
      <UnitQty>יחידה</UnitQty>
      <Quantity>1.00</Quantity>
      <bIsWeighted>0</bIsWeighted>
      <UnitOfMeasure>יחידה</UnitOfMeasure>
      <QtyInPackage>0</QtyInPackage>
      <ItemPrice>11.90</ItemPrice>
      <UnitOfMeasurePrice>11.90</UnitOfMeasurePrice>
      <AllowDiscount>1</AllowDiscount>
      <ItemStatus>1</ItemStatus>
    </Item>
    <Item>
      <PriceUpdateDate>2020-10-10 21:00</PriceUpdateDate>
      <ItemCode>4045787068542</ItemCode>
      <ItemType>1</ItemType>
      <ItemName>פרוטאין קולור מס8'</ItemName>
      <ManufacturerName>הנקל סוד</ManufacturerName>
      <ManufactureCountry>DE</ManufactureCountry>
      <ManufacturerItemDescription>פרוטאין קולור</ManufacturerItemDescription>
      <UnitQty>יחידה</UnitQty>
      <Quantity>1.00</Quantity>
      <bIsWeighted>0</bIsWeighted>
      <UnitOfMeasure>יחידה</UnitOfMeasure>
      <QtyInPackage>0</QtyInPackage>
      <ItemPrice>11.90</ItemPrice>
      <UnitOfMeasurePrice>11.90</UnitOfMeasurePrice>
      <AllowDiscount>1</AllowDiscount>
      <ItemStatus>1</ItemStatus>
    </Item>
    <Item>
      <PriceUpdateDate>2020-10-10 21:00</PriceUpdateDate>
      <ItemCode>4045787068566</ItemCode>
      <ItemType>1</ItemType>
      <ItemName>פרוטאין קולור מס8.3'</ItemName>
      <ManufacturerName>הנקל סוד</ManufacturerName>
      <ManufactureCountry>DE</ManufactureCountry>
      <ManufacturerItemDescription>פרוטאין קולור</ManufacturerItemDescription>
      <UnitQty>יחידה</UnitQty>
      <Quantity>1.00</Quantity>
      <bIsWeighted>0</bIsWeighted>
      <UnitOfMeasure>יחידה</UnitOfMeasure>
      <QtyInPackage>0</QtyInPackage>
      <ItemPrice>11.90</ItemPrice>
      <UnitOfMeasurePrice>11.90</UnitOfMeasurePrice>
      <AllowDiscount>1</AllowDiscount>
      <ItemStatus>1</ItemStatus>
    </Item>
    <Item>
      <PriceUpdateDate>2020-10-10 21:00</PriceUpdateDate>
      <ItemCode>4045787068610</ItemCode>
      <ItemType>1</ItemType>
      <ItemName>פרוטאין קולור9 בלונד טבע</ItemName>
      <ManufacturerName>הנקל סוד</ManufacturerName>
      <ManufactureCountry>DE</ManufactureCountry>
      <ManufacturerItemDescription>פרוטאין קולור</ManufacturerItemDescription>
      <UnitQty>יחידה</UnitQty>
      <Quantity>1.00</Quantity>
      <bIsWeighted>0</bIsWeighted>
      <UnitOfMeasure>יחידה</UnitOfMeasure>
      <QtyInPackage>0</QtyInPackage>
      <ItemPrice>11.90</ItemPrice>
      <UnitOfMeasurePrice>11.90</UnitOfMeasurePrice>
      <AllowDiscount>1</AllowDiscount>
      <ItemStatus>1</ItemStatus>
    </Item>
    <Item>
      <PriceUpdateDate>2020-03-22 11:54</PriceUpdateDate>
      <ItemCode>4053700288205</ItemCode>
      <ItemType>1</ItemType>
      <ItemName>קרם להסרת שיער רגיש100מל</ItemName>
      <ManufacturerName>רקיט בנקיזר</ManufacturerName>
      <ManufactureCountry>FR</ManufactureCountry>
      <ManufacturerItemDescription>קרם להסרת שיער</ManufacturerItemDescription>
      <UnitQty>מיליליטרים</UnitQty>
      <Quantity>100.00</Quantity>
      <bIsWeighted>0</bIsWeighted>
      <UnitOfMeasure>100 מ"ל</UnitOfMeasure>
      <QtyInPackage>0</QtyInPackage>
      <ItemPrice>40.90</ItemPrice>
      <UnitOfMeasurePrice>40.90</UnitOfMeasurePrice>
      <AllowDiscount>1</AllowDiscount>
      <ItemStatus>1</ItemStatus>
    </Item>
    <Item>
      <PriceUpdateDate>2020-10-14 09:10</PriceUpdateDate>
      <ItemCode>4053700292455</ItemCode>
      <ItemType>1</ItemType>
      <ItemName>ויט 12רצועות שעווה צמחית</ItemName>
      <ManufacturerName>רקיט בנקיזר</ManufacturerName>
      <ManufactureCountry>FR</ManufactureCountry>
      <ManufacturerItemDescription>רצועות שעווה ויט</ManufacturerItemDescription>
      <UnitQty>יחידה</UnitQty>
      <Quantity>1.00</Quantity>
      <bIsWeighted>0</bIsWeighted>
      <UnitOfMeasure>יחידה</UnitOfMeasure>
      <QtyInPackage>0</QtyInPackage>
      <ItemPrice>24.90</ItemPrice>
      <UnitOfMeasurePrice>24.90</UnitOfMeasurePrice>
      <AllowDiscount>1</AllowDiscount>
      <ItemStatus>1</ItemStatus>
    </Item>
    <Item>
      <PriceUpdateDate>2020-10-10 20:20</PriceUpdateDate>
      <ItemCode>4056800649884</ItemCode>
      <ItemType>1</ItemType>
      <ItemName>וולפלקס ספריי לנפח 250מל</ItemName>
      <ManufacturerName>פרוקטר אנד גמבל</ManufacturerName>
      <ManufactureCountry>FR</ManufactureCountry>
      <ManufacturerItemDescription>וולהפלקס ספריי</ManufacturerItemDescription>
      <UnitQty>מיליליטרים</UnitQty>
      <Quantity>250.00</Quantity>
      <bIsWeighted>0</bIsWeighted>
      <UnitOfMeasure>100 מ"ל</UnitOfMeasure>
      <QtyInPackage>1</QtyInPackage>
      <ItemPrice>29.90</ItemPrice>
      <UnitOfMeasurePrice>11.96</UnitOfMeasurePrice>
      <AllowDiscount>1</AllowDiscount>
      <ItemStatus>1</ItemStatus>
    </Item>
    <Item>
      <PriceUpdateDate>2020-01-20 00:14</PriceUpdateDate>
      <ItemCode>4056800693061</ItemCode>
      <ItemType>1</ItemType>
      <ItemName>וולפלקס ג'ל לשיער 150מל</ItemName>
      <ManufacturerName>פרוקטר &amp; גמבל</ManufacturerName>
      <ManufactureCountry>FR</ManufactureCountry>
      <ManufacturerItemDescription>וולהפלקס ג'ל</ManufacturerItemDescription>
      <UnitQty>מיליליטרים</UnitQty>
      <Quantity>150.00</Quantity>
      <bIsWeighted>0</bIsWeighted>
      <UnitOfMeasure>100 מ"ל</UnitOfMeasure>
      <QtyInPackage>0</QtyInPackage>
      <ItemPrice>14.90</ItemPrice>
      <UnitOfMeasurePrice>9.93</UnitOfMeasurePrice>
      <AllowDiscount>1</AllowDiscount>
      <ItemStatus>1</ItemStatus>
    </Item>
    <Item>
      <PriceUpdateDate>2020-01-20 00:14</PriceUpdateDate>
      <ItemCode>4056800762750</ItemCode>
      <ItemType>1</ItemType>
      <ItemName>קולסטון מיני קיט 6/0 בלו</ItemName>
      <ManufacturerName>HFC פרסטיג'\</ManufacturerName>
      <ManufactureCountry>DE</ManufactureCountry>
      <ManufacturerItemDescription>קולסטון מיני קיט</ManufacturerItemDescription>
      <UnitQty>יחידה</UnitQty>
      <Quantity>1.00</Quantity>
      <bIsWeighted>0</bIsWeighted>
      <UnitOfMeasure>יחידה</UnitOfMeasure>
      <QtyInPackage>1</QtyInPackage>
      <ItemPrice>25.90</ItemPrice>
      <UnitOfMeasurePrice>25.90</UnitOfMeasurePrice>
      <AllowDiscount>1</AllowDiscount>
      <ItemStatus>1</ItemStatus>
    </Item>
    <Item>
      <PriceUpdateDate>2020-01-20 00:14</PriceUpdateDate>
      <ItemCode>4056800762842</ItemCode>
      <ItemType>1</ItemType>
      <ItemName>קולסטון מיני קיט 5/0 חום</ItemName>
      <ManufacturerName>HFC פרסטיג'\</ManufacturerName>
      <ManufactureCountry>DE</ManufactureCountry>
      <ManufacturerItemDescription>קולסטון מיני קיט</ManufacturerItemDescription>
      <UnitQty>יחידה</UnitQty>
      <Quantity>1.00</Quantity>
      <bIsWeighted>0</bIsWeighted>
      <UnitOfMeasure>יחידה</UnitOfMeasure>
      <QtyInPackage>1</QtyInPackage>
      <ItemPrice>25.90</ItemPrice>
      <UnitOfMeasurePrice>25.90</UnitOfMeasurePrice>
      <AllowDiscount>1</AllowDiscount>
      <ItemStatus>1</ItemStatus>
    </Item>
    <Item>
      <PriceUpdateDate>2020-01-20 00:14</PriceUpdateDate>
      <ItemCode>4056800762903</ItemCode>
      <ItemType>1</ItemType>
      <ItemName>קולסטון מיני קיט 3/0 חום</ItemName>
      <ManufacturerName>HFC פרסטיג'\</ManufacturerName>
      <ManufactureCountry>DE</ManufactureCountry>
      <ManufacturerItemDescription>קולסטון מיני קיט</ManufacturerItemDescription>
      <UnitQty>יחידה</UnitQty>
      <Quantity>1.00</Quantity>
      <bIsWeighted>0</bIsWeighted>
      <UnitOfMeasure>יחידה</UnitOfMeasure>
      <QtyInPackage>1</QtyInPackage>
      <ItemPrice>25.90</ItemPrice>
      <UnitOfMeasurePrice>25.90</UnitOfMeasurePrice>
      <AllowDiscount>1</AllowDiscount>
      <ItemStatus>1</ItemStatus>
    </Item>
    <Item>
      <PriceUpdateDate>2020-01-20 00:14</PriceUpdateDate>
      <ItemCode>4056800762934</ItemCode>
      <ItemType>1</ItemType>
      <ItemName>קולסטון מיני קיט 2/0שחור</ItemName>
      <ManufacturerName>HFC פרסטיג'\</ManufacturerName>
      <ManufactureCountry>DE</ManufactureCountry>
      <ManufacturerItemDescription>קולסטון מיני קיט</ManufacturerItemDescription>
      <UnitQty>יחידה</UnitQty>
      <Quantity>1.00</Quantity>
      <bIsWeighted>0</bIsWeighted>
      <UnitOfMeasure>יחידה</UnitOfMeasure>
      <QtyInPackage>1</QtyInPackage>
      <ItemPrice>25.90</ItemPrice>
      <UnitOfMeasurePrice>25.90</UnitOfMeasurePrice>
      <AllowDiscount>1</AllowDiscount>
      <ItemStatus>1</ItemStatus>
    </Item>
    <Item>
      <PriceUpdateDate>2020-01-20 00:14</PriceUpdateDate>
      <ItemCode>4056800762965</ItemCode>
      <ItemType>1</ItemType>
      <ItemName>קולסטון מיני קיט 2/8 שחו</ItemName>
      <ManufacturerName>HFC פרסטיג'\</ManufacturerName>
      <ManufactureCountry>DE</ManufactureCountry>
      <ManufacturerItemDescription>קולסטון מיני קיט</ManufacturerItemDescription>
      <UnitQty>יחידה</UnitQty>
      <Quantity>1.00</Quantity>
      <bIsWeighted>0</bIsWeighted>
      <UnitOfMeasure>יחידה</UnitOfMeasure>
      <QtyInPackage>1</QtyInPackage>
      <ItemPrice>25.90</ItemPrice>
      <UnitOfMeasurePrice>25.90</UnitOfMeasurePrice>
      <AllowDiscount>1</AllowDiscount>
      <ItemStatus>1</ItemStatus>
    </Item>
    <Item>
      <PriceUpdateDate>2020-10-10 20:20</PriceUpdateDate>
      <ItemCode>4056800777709</ItemCode>
      <ItemType>1</ItemType>
      <ItemName>קולסטון קיט 12/0 בלונד א</ItemName>
      <ManufacturerName>פרוקטר &amp; גמבל</ManufacturerName>
      <ManufactureCountry>DE</ManufactureCountry>
      <ManufacturerItemDescription>קולסטון קיט</ManufacturerItemDescription>
      <UnitQty>יחידה</UnitQty>
      <Quantity>1.00</Quantity>
      <bIsWeighted>0</bIsWeighted>
      <UnitOfMeasure>יחידה</UnitOfMeasure>
      <QtyInPackage>0</QtyInPackage>
      <ItemPrice>34.90</ItemPrice>
      <UnitOfMeasurePrice>34.90</UnitOfMeasurePrice>
      <AllowDiscount>1</AllowDiscount>
      <ItemStatus>1</ItemStatus>
    </Item>
    <Item>
      <PriceUpdateDate>2020-10-10 20:20</PriceUpdateDate>
      <ItemCode>4056800777730</ItemCode>
      <ItemType>1</ItemType>
      <ItemName>קולסטון קיט 12/1 בלונד א</ItemName>
      <ManufacturerName>HFC פרסטיג'\</ManufacturerName>
      <ManufactureCountry>DE</ManufactureCountry>
      <ManufacturerItemDescription>קולסטון קיט</ManufacturerItemDescription>
      <UnitQty>יחידה</UnitQty>
      <Quantity>1.00</Quantity>
      <bIsWeighted>0</bIsWeighted>
      <UnitOfMeasure>יחידה</UnitOfMeasure>
      <QtyInPackage>0</QtyInPackage>
      <ItemPrice>34.90</ItemPrice>
      <UnitOfMeasurePrice>34.90</UnitOfMeasurePrice>
      <AllowDiscount>1</AllowDiscount>
      <ItemStatus>1</ItemStatus>
    </Item>
    <Item>
      <PriceUpdateDate>2020-10-10 20:20</PriceUpdateDate>
      <ItemCode>4056800777761</ItemCode>
      <ItemType>1</ItemType>
      <ItemName>קולסטון קיט 2/0 שחור</ItemName>
      <ManufacturerName>פרוקטר &amp; גמבל</ManufacturerName>
      <ManufactureCountry>DE</ManufactureCountry>
      <ManufacturerItemDescription>קולסטון קיט</ManufacturerItemDescription>
      <UnitQty>יחידה</UnitQty>
      <Quantity>1.00</Quantity>
      <bIsWeighted>0</bIsWeighted>
      <UnitOfMeasure>יחידה</UnitOfMeasure>
      <QtyInPackage>0</QtyInPackage>
      <ItemPrice>34.90</ItemPrice>
      <UnitOfMeasurePrice>34.90</UnitOfMeasurePrice>
      <AllowDiscount>1</AllowDiscount>
      <ItemStatus>1</ItemStatus>
    </Item>
    <Item>
      <PriceUpdateDate>2020-10-10 20:20</PriceUpdateDate>
      <ItemCode>4056800778706</ItemCode>
      <ItemType>1</ItemType>
      <ItemName>קולסטון קיט 7/0 בלונד בי</ItemName>
      <ManufacturerName>HFC פרסטיג'\</ManufacturerName>
      <ManufactureCountry>DE</ManufactureCountry>
      <ManufacturerItemDescription>קולסטון קיט</ManufacturerItemDescription>
      <UnitQty>יחידה</UnitQty>
      <Quantity>1.00</Quantity>
      <bIsWeighted>0</bIsWeighted>
      <UnitOfMeasure>יחידה</UnitOfMeasure>
      <QtyInPackage>0</QtyInPackage>
      <ItemPrice>34.90</ItemPrice>
      <UnitOfMeasurePrice>34.90</UnitOfMeasurePrice>
      <AllowDiscount>1</AllowDiscount>
      <ItemStatus>1</ItemStatus>
    </Item>
    <Item>
      <PriceUpdateDate>2020-01-20 00:14</PriceUpdateDate>
      <ItemCode>4056800943739</ItemCode>
      <ItemType>1</ItemType>
      <ItemName>חמצן וולה 6% 60 מ"ל</ItemName>
      <ManufacturerName>פרוקטר &amp; גמבל</ManufacturerName>
      <ManufactureCountry>FR</ManufactureCountry>
      <ManufacturerItemDescription>חמצן וולה 6%</ManufacturerItemDescription>
      <UnitQty>מיליליטרים</UnitQty>
      <Quantity>60.00</Quantity>
      <bIsWeighted>0</bIsWeighted>
      <UnitOfMeasure>100 מ"ל</UnitOfMeasure>
      <QtyInPackage>0</QtyInPackage>
      <ItemPrice>5.50</ItemPrice>
      <UnitOfMeasurePrice>9.17</UnitOfMeasurePrice>
      <AllowDiscount>1</AllowDiscount>
      <ItemStatus>1</ItemStatus>
    </Item>
    <Item>
      <PriceUpdateDate>2020-01-20 00:14</PriceUpdateDate>
      <ItemCode>4056800943791</ItemCode>
      <ItemType>1</ItemType>
      <ItemName>חמצן וולה 9% 60 מ"ל</ItemName>
      <ManufacturerName>פרוקטר &amp; גמבל</ManufacturerName>
      <ManufactureCountry>FR</ManufactureCountry>
      <ManufacturerItemDescription>חמצן וולה9%</ManufacturerItemDescription>
      <UnitQty>מיליליטרים</UnitQty>
      <Quantity>60.00</Quantity>
      <bIsWeighted>0</bIsWeighted>
      <UnitOfMeasure>100 מ"ל</UnitOfMeasure>
      <QtyInPackage>0</QtyInPackage>
      <ItemPrice>5.50</ItemPrice>
      <UnitOfMeasurePrice>9.17</UnitOfMeasurePrice>
      <AllowDiscount>1</AllowDiscount>
      <ItemStatus>1</ItemStatus>
    </Item>
    <Item>
      <PriceUpdateDate>2020-01-20 00:14</PriceUpdateDate>
      <ItemCode>4056800980567</ItemCode>
      <ItemType>1</ItemType>
      <ItemName>קולסטון מיני קיט 6/7 חום</ItemName>
      <ManufacturerName>קוטי</ManufacturerName>
      <ManufactureCountry>DE</ManufactureCountry>
      <ManufacturerItemDescription>קולסטון מיני קיט</ManufacturerItemDescription>
      <UnitQty>יחידה</UnitQty>
      <Quantity>1.00</Quantity>
      <bIsWeighted>0</bIsWeighted>
      <UnitOfMeasure>יחידה</UnitOfMeasure>
      <QtyInPackage>1</QtyInPackage>
      <ItemPrice>25.90</ItemPrice>
      <UnitOfMeasurePrice>25.90</UnitOfMeasurePrice>
      <AllowDiscount>1</AllowDiscount>
      <ItemStatus>1</ItemStatus>
    </Item>
    <Item>
      <PriceUpdateDate>2020-01-20 00:14</PriceUpdateDate>
      <ItemCode>4059729011114</ItemCode>
      <ItemType>1</ItemType>
      <ItemName>באלם לשפתיים מלאות 30</ItemName>
      <ManufacturerName>CATRICE</ManufacturerName>
      <ManufactureCountry>DE</ManufactureCountry>
      <ManufacturerItemDescription>באלם לשפתיים מלא</ManufacturerItemDescription>
      <UnitQty>יחידה</UnitQty>
      <Quantity>1.00</Quantity>
      <bIsWeighted>0</bIsWeighted>
      <UnitOfMeasure>יחידה</UnitOfMeasure>
      <QtyInPackage>0</QtyInPackage>
      <ItemPrice>20.00</ItemPrice>
      <UnitOfMeasurePrice>20.00</UnitOfMeasurePrice>
      <AllowDiscount>1</AllowDiscount>
      <ItemStatus>1</ItemStatus>
    </Item>
    <Item>
      <PriceUpdateDate>2020-03-22 11:54</PriceUpdateDate>
      <ItemCode>4059729030498</ItemCode>
      <ItemType>1</ItemType>
      <ItemName>ג'ל לגבות 20</ItemName>
      <ManufacturerName>CATRICE</ManufacturerName>
      <ManufactureCountry>DE</ManufactureCountry>
      <ManufacturerItemDescription>ג'ל לגבות 20</ManufacturerItemDescription>
      <UnitQty>יחידה</UnitQty>
      <Quantity>1.00</Quantity>
      <bIsWeighted>0</bIsWeighted>
      <UnitOfMeasure>יחידה</UnitOfMeasure>
      <QtyInPackage>0</QtyInPackage>
      <ItemPrice>16.00</ItemPrice>
      <UnitOfMeasurePrice>16.00</UnitOfMeasurePrice>
      <AllowDiscount>1</AllowDiscount>
      <ItemStatus>1</ItemStatus>
    </Item>
    <Item>
      <PriceUpdateDate>2020-03-22 11:54</PriceUpdateDate>
      <ItemCode>4059729030504</ItemCode>
      <ItemType>1</ItemType>
      <ItemName>ג'ל לגבות 30</ItemName>
      <ManufacturerName>CATRICE</ManufacturerName>
      <ManufactureCountry>DE</ManufactureCountry>
      <ManufacturerItemDescription>ג'ל לגבות 30</ManufacturerItemDescription>
      <UnitQty>יחידה</UnitQty>
      <Quantity>1.00</Quantity>
      <bIsWeighted>0</bIsWeighted>
      <UnitOfMeasure>יחידה</UnitOfMeasure>
      <QtyInPackage>0</QtyInPackage>
      <ItemPrice>16.00</ItemPrice>
      <UnitOfMeasurePrice>16.00</UnitOfMeasurePrice>
      <AllowDiscount>1</AllowDiscount>
      <ItemStatus>1</ItemStatus>
    </Item>
    <Item>
      <PriceUpdateDate>2020-03-22 11:54</PriceUpdateDate>
      <ItemCode>4059729030542</ItemCode>
      <ItemType>1</ItemType>
      <ItemName>עיפרון גבות 25</ItemName>
      <ManufacturerName>CATRICE</ManufacturerName>
      <ManufactureCountry>DE</ManufactureCountry>
      <ManufacturerItemDescription>עיפרון גבות 25</ManufacturerItemDescription>
      <UnitQty>יחידה</UnitQty>
      <Quantity>1.00</Quantity>
      <bIsWeighted>0</bIsWeighted>
      <UnitOfMeasure>יחידה</UnitOfMeasure>
      <QtyInPackage>0</QtyInPackage>
      <ItemPrice>11.00</ItemPrice>
      <UnitOfMeasurePrice>11.00</UnitOfMeasurePrice>
      <AllowDiscount>1</AllowDiscount>
      <ItemStatus>1</ItemStatus>
    </Item>
    <Item>
      <PriceUpdateDate>2020-03-22 11:54</PriceUpdateDate>
      <ItemCode>4059729034403</ItemCode>
      <ItemType>1</ItemType>
      <ItemName>מייק אפ HD 35 30 מ"ל</ItemName>
      <ManufacturerName>כללי</ManufacturerName>
      <ManufactureCountry>IL</ManufactureCountry>
      <ManufacturerItemDescription>מייק אפ HD 35</ManufacturerItemDescription>
      <UnitQty>מיליליטרים</UnitQty>
      <Quantity>30.00</Quantity>
      <bIsWeighted>0</bIsWeighted>
      <UnitOfMeasure>100 מ"ל</UnitOfMeasure>
      <QtyInPackage>1</QtyInPackage>
      <ItemPrice>29.00</ItemPrice>
      <UnitOfMeasurePrice>96.67</UnitOfMeasurePrice>
      <AllowDiscount>1</AllowDiscount>
      <ItemStatus>1</ItemStatus>
    </Item>
    <Item>
      <PriceUpdateDate>2020-03-22 11:54</PriceUpdateDate>
      <ItemCode>4059729036742</ItemCode>
      <ItemType>1</ItemType>
      <ItemName>עיפרון גבות סלים 40</ItemName>
      <ManufacturerName>CATRICE</ManufacturerName>
      <ManufactureCountry>DE</ManufactureCountry>
      <ManufacturerItemDescription>עיפרון גבות סלים</ManufacturerItemDescription>
      <UnitQty>יחידה</UnitQty>
      <Quantity>1.00</Quantity>
      <bIsWeighted>0</bIsWeighted>
      <UnitOfMeasure>יחידה</UnitOfMeasure>
      <QtyInPackage>0</QtyInPackage>
      <ItemPrice>14.00</ItemPrice>
      <UnitOfMeasurePrice>14.00</UnitOfMeasurePrice>
      <AllowDiscount>1</AllowDiscount>
      <ItemStatus>1</ItemStatus>
    </Item>
    <Item>
      <PriceUpdateDate>2020-03-22 11:54</PriceUpdateDate>
      <ItemCode>4059729043252</ItemCode>
      <ItemType>1</ItemType>
      <ItemName>ליפגלוס ווילום 070 יח'</ItemName>
      <ManufacturerName>כללי</ManufacturerName>
      <ManufactureCountry>IL</ManufactureCountry>
      <ManufacturerItemDescription>ליפגלוס ווילום 0</ManufacturerItemDescription>
      <UnitQty>יחידה</UnitQty>
      <Quantity>1.00</Quantity>
      <bIsWeighted>0</bIsWeighted>
      <UnitOfMeasure>יחידה</UnitOfMeasure>
      <QtyInPackage>1</QtyInPackage>
      <ItemPrice>15.00</ItemPrice>
      <UnitOfMeasurePrice>15.00</UnitOfMeasurePrice>
      <AllowDiscount>1</AllowDiscount>
      <ItemStatus>1</ItemStatus>
    </Item>
    <Item>
      <PriceUpdateDate>2020-03-22 11:54</PriceUpdateDate>
      <ItemCode>4059729049070</ItemCode>
      <ItemType>1</ItemType>
      <ItemName>פריימר מתחת לעין 5 מ"ל</ItemName>
      <ManufacturerName>כללי</ManufacturerName>
      <ManufactureCountry>DE</ManufactureCountry>
      <ManufacturerItemDescription>פריימר מתחת לעין</ManufacturerItemDescription>
      <UnitQty>מיליליטרים</UnitQty>
      <Quantity>5.00</Quantity>
      <bIsWeighted>0</bIsWeighted>
      <UnitOfMeasure>100 מ"ל</UnitOfMeasure>
      <QtyInPackage>1</QtyInPackage>
      <ItemPrice>15.00</ItemPrice>
      <UnitOfMeasurePrice>300.00</UnitOfMeasurePrice>
      <AllowDiscount>1</AllowDiscount>
      <ItemStatus>1</ItemStatus>
    </Item>
    <Item>
      <PriceUpdateDate>2020-03-22 11:54</PriceUpdateDate>
      <ItemCode>4059729049544</ItemCode>
      <ItemType>1</ItemType>
      <ItemName>קטריס שפתון ג'ל 030 3.3</ItemName>
      <ManufacturerName>כללי</ManufacturerName>
      <ManufactureCountry>DE</ManufactureCountry>
      <ManufacturerItemDescription>קטריס שפתון ג'ל</ManufacturerItemDescription>
      <UnitQty>יחידה</UnitQty>
      <Quantity>1.00</Quantity>
      <bIsWeighted>0</bIsWeighted>
      <UnitOfMeasure>יחידה</UnitOfMeasure>
      <QtyInPackage>1</QtyInPackage>
      <ItemPrice>17.00</ItemPrice>
      <UnitOfMeasurePrice>17.00</UnitOfMeasurePrice>
      <AllowDiscount>1</AllowDiscount>
      <ItemStatus>1</ItemStatus>
    </Item>
    <Item>
      <PriceUpdateDate>2020-08-28 05:42</PriceUpdateDate>
      <ItemCode>4059729049650</ItemCode>
      <ItemType>1</ItemType>
      <ItemName>באלם שפתיים 020 יח'</ItemName>
      <ManufacturerName>כללי</ManufacturerName>
      <ManufactureCountry>IL</ManufactureCountry>
      <ManufacturerItemDescription>באלם שפתיים 020</ManufacturerItemDescription>
      <UnitQty>יחידה</UnitQty>
      <Quantity>1.00</Quantity>
      <bIsWeighted>0</bIsWeighted>
      <UnitOfMeasure>יחידה</UnitOfMeasure>
      <QtyInPackage>1</QtyInPackage>
      <ItemPrice>15.00</ItemPrice>
      <UnitOfMeasurePrice>15.00</UnitOfMeasurePrice>
      <AllowDiscount>1</AllowDiscount>
      <ItemStatus>1</ItemStatus>
    </Item>
    <Item>
      <PriceUpdateDate>2020-08-28 05:42</PriceUpdateDate>
      <ItemCode>4059729049674</ItemCode>
      <ItemType>1</ItemType>
      <ItemName>באלם שפתיים 040</ItemName>
      <ManufacturerName>כללי</ManufacturerName>
      <ManufactureCountry>IL</ManufactureCountry>
      <ManufacturerItemDescription>באלם שפתיים 040</ManufacturerItemDescription>
      <UnitQty>יחידה</UnitQty>
      <Quantity>1.00</Quantity>
      <bIsWeighted>0</bIsWeighted>
      <UnitOfMeasure>יחידה</UnitOfMeasure>
      <QtyInPackage>1</QtyInPackage>
      <ItemPrice>15.00</ItemPrice>
      <UnitOfMeasurePrice>15.00</UnitOfMeasurePrice>
      <AllowDiscount>1</AllowDiscount>
      <ItemStatus>1</ItemStatus>
    </Item>
    <Item>
      <PriceUpdateDate>2020-03-22 11:54</PriceUpdateDate>
      <ItemCode>4059729052995</ItemCode>
      <ItemType>1</ItemType>
      <ItemName>לק במרקם ג'ל 69 יח'</ItemName>
      <ManufacturerName>כללי</ManufacturerName>
      <ManufactureCountry>DE</ManufactureCountry>
      <ManufacturerItemDescription>לק במרקם ג'ל 69</ManufacturerItemDescription>
      <UnitQty>יחידה</UnitQty>
      <Quantity>1.00</Quantity>
      <bIsWeighted>0</bIsWeighted>
      <UnitOfMeasure>יחידה</UnitOfMeasure>
      <QtyInPackage>1</QtyInPackage>
      <ItemPrice>10.00</ItemPrice>
      <UnitOfMeasurePrice>10.00</UnitOfMeasurePrice>
      <AllowDiscount>1</AllowDiscount>
      <ItemStatus>1</ItemStatus>
    </Item>
    <Item>
      <PriceUpdateDate>2020-03-22 11:54</PriceUpdateDate>
      <ItemCode>4059729053015</ItemCode>
      <ItemType>1</ItemType>
      <ItemName>לק במרקם ג'ל 71 יח'</ItemName>
      <ManufacturerName>כללי</ManufacturerName>
      <ManufactureCountry>DE</ManufactureCountry>
      <ManufacturerItemDescription>לק במרקם ג'ל 71</ManufacturerItemDescription>
      <UnitQty>יחידה</UnitQty>
      <Quantity>1.00</Quantity>
      <bIsWeighted>0</bIsWeighted>
      <UnitOfMeasure>יחידה</UnitOfMeasure>
      <QtyInPackage>1</QtyInPackage>
      <ItemPrice>10.00</ItemPrice>
      <UnitOfMeasurePrice>10.00</UnitOfMeasurePrice>
      <AllowDiscount>1</AllowDiscount>
      <ItemStatus>1</ItemStatus>
    </Item>
    <Item>
      <PriceUpdateDate>2020-02-16 10:14</PriceUpdateDate>
      <ItemCode>4059729053114</ItemCode>
      <ItemType>1</ItemType>
      <ItemName>לק ניוד 03 יח'</ItemName>
      <ManufacturerName>כללי</ManufacturerName>
      <ManufactureCountry>DE</ManufactureCountry>
      <ManufacturerItemDescription>לק ניוד 03</ManufacturerItemDescription>
      <UnitQty>יחידה</UnitQty>
      <Quantity>1.00</Quantity>
      <bIsWeighted>0</bIsWeighted>
      <UnitOfMeasure>יחידה</UnitOfMeasure>
      <QtyInPackage>1</QtyInPackage>
      <ItemPrice>10.00</ItemPrice>
      <UnitOfMeasurePrice>10.00</UnitOfMeasurePrice>
      <AllowDiscount>1</AllowDiscount>
      <ItemStatus>1</ItemStatus>
    </Item>
    <Item>
      <PriceUpdateDate>2020-08-28 05:42</PriceUpdateDate>
      <ItemCode>4059729191847</ItemCode>
      <ItemType>1</ItemType>
      <ItemName>פוצ'ור פימל פלטת צלליות</ItemName>
      <ManufacturerName>כללי</ManufacturerName>
      <ManufactureCountry>IL</ManufactureCountry>
      <ManufacturerItemDescription>פוצ'ור פימל פלטת</ManufacturerItemDescription>
      <UnitQty>יחידה</UnitQty>
      <Quantity>1.00</Quantity>
      <bIsWeighted>0</bIsWeighted>
      <UnitOfMeasure>יחידה</UnitOfMeasure>
      <QtyInPackage>1</QtyInPackage>
      <ItemPrice>17.00</ItemPrice>
      <UnitOfMeasurePrice>17.00</UnitOfMeasurePrice>
      <AllowDiscount>1</AllowDiscount>
      <ItemStatus>1</ItemStatus>
    </Item>
    <Item>
      <PriceUpdateDate>2020-08-28 05:42</PriceUpdateDate>
      <ItemCode>4059729191878</ItemCode>
      <ItemType>1</ItemType>
      <ItemName>נוסטאלג'יק דרימר פלטת צל</ItemName>
      <ManufacturerName>כללי</ManufacturerName>
      <ManufactureCountry>IL</ManufactureCountry>
      <ManufacturerItemDescription>נוסטאלג'יק דרימר</ManufacturerItemDescription>
      <UnitQty>יחידה</UnitQty>
      <Quantity>1.00</Quantity>
      <bIsWeighted>0</bIsWeighted>
      <UnitOfMeasure>יחידה</UnitOfMeasure>
      <QtyInPackage>1</QtyInPackage>
      <ItemPrice>17.00</ItemPrice>
      <UnitOfMeasurePrice>17.00</UnitOfMeasurePrice>
      <AllowDiscount>1</AllowDiscount>
      <ItemStatus>1</ItemStatus>
    </Item>
    <Item>
      <PriceUpdateDate>2020-01-20 00:14</PriceUpdateDate>
      <ItemCode>4059729191953</ItemCode>
      <ItemType>1</ItemType>
      <ItemName>מסקרה למראה ריסים מלאכות</ItemName>
      <ManufacturerName>כללי</ManufacturerName>
      <ManufactureCountry>DE</ManufactureCountry>
      <ManufacturerItemDescription>מסקרה למראה ריסי</ManufacturerItemDescription>
      <UnitQty>יחידה</UnitQty>
      <Quantity>1.00</Quantity>
      <bIsWeighted>0</bIsWeighted>
      <UnitOfMeasure>יחידה</UnitOfMeasure>
      <QtyInPackage>1</QtyInPackage>
      <ItemPrice>20.00</ItemPrice>
      <UnitOfMeasurePrice>20.00</UnitOfMeasurePrice>
      <AllowDiscount>1</AllowDiscount>
      <ItemStatus>1</ItemStatus>
    </Item>
    <Item>
      <PriceUpdateDate>2020-03-22 11:54</PriceUpdateDate>
      <ItemCode>4059729191960</ItemCode>
      <ItemType>1</ItemType>
      <ItemName>מסקרה אייקוניסטה יח'</ItemName>
      <ManufacturerName>כללי</ManufacturerName>
      <ManufactureCountry>IL</ManufactureCountry>
      <ManufacturerItemDescription>מסקרה אייקוניסטה</ManufacturerItemDescription>
      <UnitQty>יחידה</UnitQty>
      <Quantity>1.00</Quantity>
      <bIsWeighted>0</bIsWeighted>
      <UnitOfMeasure>יחידה</UnitOfMeasure>
      <QtyInPackage>1</QtyInPackage>
      <ItemPrice>21.00</ItemPrice>
      <UnitOfMeasurePrice>21.00</UnitOfMeasurePrice>
      <AllowDiscount>1</AllowDiscount>
      <ItemStatus>1</ItemStatus>
    </Item>
    <Item>
      <PriceUpdateDate>2020-03-06 05:39</PriceUpdateDate>
      <ItemCode>4059729206824</ItemCode>
      <ItemType>1</ItemType>
      <ItemName>קונסילר הארט 001 5 מ"ל</ItemName>
      <ManufacturerName>כללי</ManufacturerName>
      <ManufactureCountry>IL</ManufactureCountry>
      <ManufacturerItemDescription>קונסילר הארט 001</ManufacturerItemDescription>
      <UnitQty>מיליליטרים</UnitQty>
      <Quantity>5.00</Quantity>
      <bIsWeighted>0</bIsWeighted>
      <UnitOfMeasure>100 מ"ל</UnitOfMeasure>
      <QtyInPackage>1</QtyInPackage>
      <ItemPrice>17.00</ItemPrice>
      <UnitOfMeasurePrice>340.00</UnitOfMeasurePrice>
      <AllowDiscount>1</AllowDiscount>
      <ItemStatus>1</ItemStatus>
    </Item>
    <Item>
      <PriceUpdateDate>2020-03-06 05:39</PriceUpdateDate>
      <ItemCode>4059729206831</ItemCode>
      <ItemType>1</ItemType>
      <ItemName>קונסילר הארט 005 מ"ל</ItemName>
      <ManufacturerName>כללי</ManufacturerName>
      <ManufactureCountry>IL</ManufactureCountry>
      <ManufacturerItemDescription>קונסילר הארט 005</ManufacturerItemDescription>
      <UnitQty>יחידה</UnitQty>
      <Quantity>1.00</Quantity>
      <bIsWeighted>0</bIsWeighted>
      <UnitOfMeasure>יחידה</UnitOfMeasure>
      <QtyInPackage>1</QtyInPackage>
      <ItemPrice>17.00</ItemPrice>
      <UnitOfMeasurePrice>17.00</UnitOfMeasurePrice>
      <AllowDiscount>1</AllowDiscount>
      <ItemStatus>1</ItemStatus>
    </Item>
    <Item>
      <PriceUpdateDate>2020-08-28 05:42</PriceUpdateDate>
      <ItemCode>4059729219428</ItemCode>
      <ItemType>1</ItemType>
      <ItemName>קטריס ברונזר מינרלי 010</ItemName>
      <ManufacturerName>כללי</ManufacturerName>
      <ManufactureCountry>IL</ManufactureCountry>
      <ManufacturerItemDescription>קטריס ברונזר מינ</ManufacturerItemDescription>
      <UnitQty>יחידה</UnitQty>
      <Quantity>1.00</Quantity>
      <bIsWeighted>0</bIsWeighted>
      <UnitOfMeasure>יחידה</UnitOfMeasure>
      <QtyInPackage>1</QtyInPackage>
      <ItemPrice>21.00</ItemPrice>
      <UnitOfMeasurePrice>21.00</UnitOfMeasurePrice>
      <AllowDiscount>1</AllowDiscount>
      <ItemStatus>1</ItemStatus>
    </Item>
    <Item>
      <PriceUpdateDate>2020-08-28 05:42</PriceUpdateDate>
      <ItemCode>4059729219473</ItemCode>
      <ItemType>1</ItemType>
      <ItemName>הייליטר מינרלי 020 יח'</ItemName>
      <ManufacturerName>כללי</ManufacturerName>
      <ManufactureCountry>IL</ManufactureCountry>
      <ManufacturerItemDescription>הייליטר מינרלי 0</ManufacturerItemDescription>
      <UnitQty>יחידה</UnitQty>
      <Quantity>1.00</Quantity>
      <bIsWeighted>0</bIsWeighted>
      <UnitOfMeasure>יחידה</UnitOfMeasure>
      <QtyInPackage>1</QtyInPackage>
      <ItemPrice>23.00</ItemPrice>
      <UnitOfMeasurePrice>23.00</UnitOfMeasurePrice>
      <AllowDiscount>1</AllowDiscount>
      <ItemStatus>1</ItemStatus>
    </Item>
    <Item>
      <PriceUpdateDate>2020-03-22 11:54</PriceUpdateDate>
      <ItemCode>4059729220158</ItemCode>
      <ItemType>1</ItemType>
      <ItemName>שפתון משנה צבע</ItemName>
      <ManufacturerName>כללי</ManufacturerName>
      <ManufactureCountry>IL</ManufactureCountry>
      <ManufacturerItemDescription>שפתון משנה צבע</ManufacturerItemDescription>
      <UnitQty>יחידה</UnitQty>
      <Quantity>1.00</Quantity>
      <bIsWeighted>0</bIsWeighted>
      <UnitOfMeasure>יחידה</UnitOfMeasure>
      <QtyInPackage>1</QtyInPackage>
      <ItemPrice>21.00</ItemPrice>
      <UnitOfMeasurePrice>21.00</UnitOfMeasurePrice>
      <AllowDiscount>1</AllowDiscount>
      <ItemStatus>1</ItemStatus>
    </Item>
    <Item>
      <PriceUpdateDate>2020-01-20 00:14</PriceUpdateDate>
      <ItemCode>4059729222046</ItemCode>
      <ItemType>1</ItemType>
      <ItemName>מסקרה אייקוניסטה עמידה</ItemName>
      <ManufacturerName>כללי</ManufacturerName>
      <ManufactureCountry>IL</ManufactureCountry>
      <ManufacturerItemDescription>מסקרה אייקוניסט</ManufacturerItemDescription>
      <UnitQty>יחידה</UnitQty>
      <Quantity>1.00</Quantity>
      <bIsWeighted>0</bIsWeighted>
      <UnitOfMeasure>יחידה</UnitOfMeasure>
      <QtyInPackage>1</QtyInPackage>
      <ItemPrice>21.00</ItemPrice>
      <UnitOfMeasurePrice>21.00</UnitOfMeasurePrice>
      <AllowDiscount>1</AllowDiscount>
      <ItemStatus>1</ItemStatus>
    </Item>
    <Item>
      <PriceUpdateDate>2020-03-22 11:54</PriceUpdateDate>
      <ItemCode>4059729222916</ItemCode>
      <ItemType>1</ItemType>
      <ItemName>פלטת סומק 010 יח'</ItemName>
      <ManufacturerName>כללי</ManufacturerName>
      <ManufactureCountry>IL</ManufactureCountry>
      <ManufacturerItemDescription>פלטת סומק 010</ManufacturerItemDescription>
      <UnitQty>יחידה</UnitQty>
      <Quantity>1.00</Quantity>
      <bIsWeighted>0</bIsWeighted>
      <UnitOfMeasure>יחידה</UnitOfMeasure>
      <QtyInPackage>1</QtyInPackage>
      <ItemPrice>17.00</ItemPrice>
      <UnitOfMeasurePrice>17.00</UnitOfMeasurePrice>
      <AllowDiscount>1</AllowDiscount>
      <ItemStatus>1</ItemStatus>
    </Item>
    <Item>
      <PriceUpdateDate>2020-03-22 11:54</PriceUpdateDate>
      <ItemCode>4059729222923</ItemCode>
      <ItemType>1</ItemType>
      <ItemName>פלטת סומק 020 יח'</ItemName>
      <ManufacturerName>כללי</ManufacturerName>
      <ManufactureCountry>IL</ManufactureCountry>
      <ManufacturerItemDescription>פלטת סומק 020</ManufacturerItemDescription>
      <UnitQty>יחידה</UnitQty>
      <Quantity>1.00</Quantity>
      <bIsWeighted>0</bIsWeighted>
      <UnitOfMeasure>יחידה</UnitOfMeasure>
      <QtyInPackage>1</QtyInPackage>
      <ItemPrice>17.00</ItemPrice>
      <UnitOfMeasurePrice>17.00</UnitOfMeasurePrice>
      <AllowDiscount>1</AllowDiscount>
      <ItemStatus>1</ItemStatus>
    </Item>
    <Item>
      <PriceUpdateDate>2020-03-22 11:54</PriceUpdateDate>
      <ItemCode>4059729222954</ItemCode>
      <ItemType>1</ItemType>
      <ItemName>שימר  030 יח'</ItemName>
      <ManufacturerName>כללי</ManufacturerName>
      <ManufactureCountry>IL</ManufactureCountry>
      <ManufacturerItemDescription>שימר  030</ManufacturerItemDescription>
      <UnitQty>יחידה</UnitQty>
      <Quantity>1.00</Quantity>
      <bIsWeighted>0</bIsWeighted>
      <UnitOfMeasure>יחידה</UnitOfMeasure>
      <QtyInPackage>1</QtyInPackage>
      <ItemPrice>21.00</ItemPrice>
      <UnitOfMeasurePrice>21.00</UnitOfMeasurePrice>
      <AllowDiscount>1</AllowDiscount>
      <ItemStatus>1</ItemStatus>
    </Item>
    <Item>
      <PriceUpdateDate>2020-03-22 11:54</PriceUpdateDate>
      <ItemCode>4059729222978</ItemCode>
      <ItemType>1</ItemType>
      <ItemName>פריימר 10 ב 1 30 מ"ל</ItemName>
      <ManufacturerName>כללי</ManufacturerName>
      <ManufactureCountry>IL</ManufactureCountry>
      <ManufacturerItemDescription>פריימר 10 ב 1</ManufacturerItemDescription>
      <UnitQty>מיליליטרים</UnitQty>
      <Quantity>30.00</Quantity>
      <bIsWeighted>0</bIsWeighted>
      <UnitOfMeasure>100 מ"ל</UnitOfMeasure>
      <QtyInPackage>1</QtyInPackage>
      <ItemPrice>25.00</ItemPrice>
      <UnitOfMeasurePrice>83.33</UnitOfMeasurePrice>
      <AllowDiscount>1</AllowDiscount>
      <ItemStatus>1</ItemStatus>
    </Item>
    <Item>
      <PriceUpdateDate>2020-03-22 11:54</PriceUpdateDate>
      <ItemCode>4059729224842</ItemCode>
      <ItemType>1</ItemType>
      <ItemName>שפתון דמי מאט 020</ItemName>
      <ManufacturerName>כללי</ManufacturerName>
      <ManufactureCountry>IL</ManufactureCountry>
      <ManufacturerItemDescription>שפתון דמי מאט 0</ManufacturerItemDescription>
      <UnitQty>יחידה</UnitQty>
      <Quantity>1.00</Quantity>
      <bIsWeighted>0</bIsWeighted>
      <UnitOfMeasure>יחידה</UnitOfMeasure>
      <QtyInPackage>1</QtyInPackage>
      <ItemPrice>17.00</ItemPrice>
      <UnitOfMeasurePrice>17.00</UnitOfMeasurePrice>
      <AllowDiscount>1</AllowDiscount>
      <ItemStatus>1</ItemStatus>
    </Item>
    <Item>
      <PriceUpdateDate>2020-03-22 11:54</PriceUpdateDate>
      <ItemCode>4059729224866</ItemCode>
      <ItemType>1</ItemType>
      <ItemName>שפתון דמי מאט 040</ItemName>
      <ManufacturerName>כללי</ManufacturerName>
      <ManufactureCountry>IL</ManufactureCountry>
      <ManufacturerItemDescription>שפתון דמי מאט40</ManufacturerItemDescription>
      <UnitQty>יחידה</UnitQty>
      <Quantity>1.00</Quantity>
      <bIsWeighted>0</bIsWeighted>
      <UnitOfMeasure>יחידה</UnitOfMeasure>
      <QtyInPackage>1</QtyInPackage>
      <ItemPrice>17.00</ItemPrice>
      <UnitOfMeasurePrice>17.00</UnitOfMeasurePrice>
      <AllowDiscount>1</AllowDiscount>
      <ItemStatus>1</ItemStatus>
    </Item>
    <Item>
      <PriceUpdateDate>2020-03-22 11:54</PriceUpdateDate>
      <ItemCode>4059729224880</ItemCode>
      <ItemType>1</ItemType>
      <ItemName>שפתון דמי מאט 060</ItemName>
      <ManufacturerName>כללי</ManufacturerName>
      <ManufactureCountry>IL</ManufactureCountry>
      <ManufacturerItemDescription>שפתון דמי מאט60</ManufacturerItemDescription>
      <UnitQty>יחידה</UnitQty>
      <Quantity>1.00</Quantity>
      <bIsWeighted>0</bIsWeighted>
      <UnitOfMeasure>יחידה</UnitOfMeasure>
      <QtyInPackage>1</QtyInPackage>
      <ItemPrice>17.00</ItemPrice>
      <UnitOfMeasurePrice>17.00</UnitOfMeasurePrice>
      <AllowDiscount>1</AllowDiscount>
      <ItemStatus>1</ItemStatus>
    </Item>
    <Item>
      <PriceUpdateDate>2020-03-22 11:54</PriceUpdateDate>
      <ItemCode>4059729224897</ItemCode>
      <ItemType>1</ItemType>
      <ItemName>שפתון דמי מאט 070</ItemName>
      <ManufacturerName>כללי</ManufacturerName>
      <ManufactureCountry>IL</ManufactureCountry>
      <ManufacturerItemDescription>שפתון דמי מאט70</ManufacturerItemDescription>
      <UnitQty>יחידה</UnitQty>
      <Quantity>1.00</Quantity>
      <bIsWeighted>0</bIsWeighted>
      <UnitOfMeasure>יחידה</UnitOfMeasure>
      <QtyInPackage>1</QtyInPackage>
      <ItemPrice>17.00</ItemPrice>
      <UnitOfMeasurePrice>17.00</UnitOfMeasurePrice>
      <AllowDiscount>1</AllowDiscount>
      <ItemStatus>1</ItemStatus>
    </Item>
    <Item>
      <PriceUpdateDate>2020-08-14 05:43</PriceUpdateDate>
      <ItemCode>4059729237149</ItemCode>
      <ItemType>1</ItemType>
      <ItemName>סומק אפוי 01 יח'</ItemName>
      <ManufacturerName>כללי</ManufacturerName>
      <ManufactureCountry>IL</ManufactureCountry>
      <ManufacturerItemDescription>סומק אפוי 01</ManufacturerItemDescription>
      <UnitQty>יחידה</UnitQty>
      <Quantity>1.00</Quantity>
      <bIsWeighted>0</bIsWeighted>
      <UnitOfMeasure>יחידה</UnitOfMeasure>
      <QtyInPackage>1</QtyInPackage>
      <ItemPrice>21.00</ItemPrice>
      <UnitOfMeasurePrice>21.00</UnitOfMeasurePrice>
      <AllowDiscount>1</AllowDiscount>
      <ItemStatus>1</ItemStatus>
    </Item>
    <Item>
      <PriceUpdateDate>2020-08-14 05:43</PriceUpdateDate>
      <ItemCode>4059729237170</ItemCode>
      <ItemType>1</ItemType>
      <ItemName>סומק אפוי 04 יח'</ItemName>
      <ManufacturerName>כללי</ManufacturerName>
      <ManufactureCountry>IL</ManufactureCountry>
      <ManufacturerItemDescription>סומק אפוי 04</ManufacturerItemDescription>
      <UnitQty>יחידה</UnitQty>
      <Quantity>1.00</Quantity>
      <bIsWeighted>0</bIsWeighted>
      <UnitOfMeasure>יחידה</UnitOfMeasure>
      <QtyInPackage>1</QtyInPackage>
      <ItemPrice>21.00</ItemPrice>
      <UnitOfMeasurePrice>21.00</UnitOfMeasurePrice>
      <AllowDiscount>1</AllowDiscount>
      <ItemStatus>1</ItemStatus>
    </Item>
    <Item>
      <PriceUpdateDate>2020-08-14 05:43</PriceUpdateDate>
      <ItemCode>4059729237194</ItemCode>
      <ItemType>1</ItemType>
      <ItemName>שפתון מאט 02 יח'</ItemName>
      <ManufacturerName>כללי</ManufacturerName>
      <ManufactureCountry>IL</ManufactureCountry>
      <ManufacturerItemDescription>שפתון מאט 02</ManufacturerItemDescription>
      <UnitQty>יחידה</UnitQty>
      <Quantity>1.00</Quantity>
      <bIsWeighted>0</bIsWeighted>
      <UnitOfMeasure>יחידה</UnitOfMeasure>
      <QtyInPackage>1</QtyInPackage>
      <ItemPrice>21.00</ItemPrice>
      <UnitOfMeasurePrice>21.00</UnitOfMeasurePrice>
      <AllowDiscount>1</AllowDiscount>
      <ItemStatus>1</ItemStatus>
    </Item>
    <Item>
      <PriceUpdateDate>2020-08-14 05:43</PriceUpdateDate>
      <ItemCode>4059729237200</ItemCode>
      <ItemType>1</ItemType>
      <ItemName>שפתון מאט 03יח'</ItemName>
      <ManufacturerName>כללי</ManufacturerName>
      <ManufactureCountry>IL</ManufactureCountry>
      <ManufacturerItemDescription>שפתון מאט 03</ManufacturerItemDescription>
      <UnitQty>יחידה</UnitQty>
      <Quantity>1.00</Quantity>
      <bIsWeighted>0</bIsWeighted>
      <UnitOfMeasure>יחידה</UnitOfMeasure>
      <QtyInPackage>1</QtyInPackage>
      <ItemPrice>21.00</ItemPrice>
      <UnitOfMeasurePrice>21.00</UnitOfMeasurePrice>
      <AllowDiscount>1</AllowDiscount>
      <ItemStatus>1</ItemStatus>
    </Item>
    <Item>
      <PriceUpdateDate>2020-08-28 05:42</PriceUpdateDate>
      <ItemCode>4059729237972</ItemCode>
      <ItemType>1</ItemType>
      <ItemName>לק במרקם ג'ל 90 יח'</ItemName>
      <ManufacturerName>כללי</ManufacturerName>
      <ManufactureCountry>IL</ManufactureCountry>
      <ManufacturerItemDescription>לק במרקם ג'ל 90</ManufacturerItemDescription>
      <UnitQty>יחידה</UnitQty>
      <Quantity>1.00</Quantity>
      <bIsWeighted>0</bIsWeighted>
      <UnitOfMeasure>יחידה</UnitOfMeasure>
      <QtyInPackage>1</QtyInPackage>
      <ItemPrice>10.00</ItemPrice>
      <UnitOfMeasurePrice>10.00</UnitOfMeasurePrice>
      <AllowDiscount>1</AllowDiscount>
      <ItemStatus>1</ItemStatus>
    </Item>
    <Item>
      <PriceUpdateDate>2020-08-28 05:42</PriceUpdateDate>
      <ItemCode>4059729237989</ItemCode>
      <ItemType>1</ItemType>
      <ItemName>לק במרקם ג'ל 91 יח'</ItemName>
      <ManufacturerName>כללי</ManufacturerName>
      <ManufactureCountry>IL</ManufactureCountry>
      <ManufacturerItemDescription>לק במרקם ג'ל 91</ManufacturerItemDescription>
      <UnitQty>יחידה</UnitQty>
      <Quantity>1.00</Quantity>
      <bIsWeighted>0</bIsWeighted>
      <UnitOfMeasure>יחידה</UnitOfMeasure>
      <QtyInPackage>1</QtyInPackage>
      <ItemPrice>10.00</ItemPrice>
      <UnitOfMeasurePrice>10.00</UnitOfMeasurePrice>
      <AllowDiscount>1</AllowDiscount>
      <ItemStatus>1</ItemStatus>
    </Item>
    <Item>
      <PriceUpdateDate>2020-08-28 05:42</PriceUpdateDate>
      <ItemCode>4059729244444</ItemCode>
      <ItemType>1</ItemType>
      <ItemName>קטריס סומק 025 יח'</ItemName>
      <ManufacturerName>כללי</ManufacturerName>
      <ManufactureCountry>IL</ManufactureCountry>
      <ManufacturerItemDescription>קטריס סומק 025</ManufacturerItemDescription>
      <UnitQty>יחידה</UnitQty>
      <Quantity>1.00</Quantity>
      <bIsWeighted>0</bIsWeighted>
      <UnitOfMeasure>יחידה</UnitOfMeasure>
      <QtyInPackage>1</QtyInPackage>
      <ItemPrice>15.00</ItemPrice>
      <UnitOfMeasurePrice>15.00</UnitOfMeasurePrice>
      <AllowDiscount>1</AllowDiscount>
      <ItemStatus>1</ItemStatus>
    </Item>
    <Item>
      <PriceUpdateDate>2020-08-28 05:42</PriceUpdateDate>
      <ItemCode>4059729244604</ItemCode>
      <ItemType>1</ItemType>
      <ItemName>פריימר נגד אדמומיות יח'</ItemName>
      <ManufacturerName>כללי</ManufacturerName>
      <ManufactureCountry>IL</ManufactureCountry>
      <ManufacturerItemDescription>פריימר נגד אדמומ</ManufacturerItemDescription>
      <UnitQty>יחידה</UnitQty>
      <Quantity>1.00</Quantity>
      <bIsWeighted>0</bIsWeighted>
      <UnitOfMeasure>יחידה</UnitOfMeasure>
      <QtyInPackage>1</QtyInPackage>
      <ItemPrice>20.00</ItemPrice>
      <UnitOfMeasurePrice>20.00</UnitOfMeasurePrice>
      <AllowDiscount>1</AllowDiscount>
      <ItemStatus>1</ItemStatus>
    </Item>
    <Item>
      <PriceUpdateDate>2020-08-28 05:42</PriceUpdateDate>
      <ItemCode>4059729246318</ItemCode>
      <ItemType>1</ItemType>
      <ItemName>צללית נוזלית עמידה במים</ItemName>
      <ManufacturerName>כללי</ManufacturerName>
      <ManufactureCountry>IL</ManufactureCountry>
      <ManufacturerItemDescription>צללית נוזלית עמ</ManufacturerItemDescription>
      <UnitQty>יחידה</UnitQty>
      <Quantity>1.00</Quantity>
      <bIsWeighted>0</bIsWeighted>
      <UnitOfMeasure>יחידה</UnitOfMeasure>
      <QtyInPackage>1</QtyInPackage>
      <ItemPrice>17.00</ItemPrice>
      <UnitOfMeasurePrice>17.00</UnitOfMeasurePrice>
      <AllowDiscount>1</AllowDiscount>
      <ItemStatus>1</ItemStatus>
    </Item>
    <Item>
      <PriceUpdateDate>2020-08-28 05:42</PriceUpdateDate>
      <ItemCode>4059729246462</ItemCode>
      <ItemType>1</ItemType>
      <ItemName>עיפרון עיניים 020 יח'</ItemName>
      <ManufacturerName>כללי</ManufacturerName>
      <ManufactureCountry>IL</ManufactureCountry>
      <ManufacturerItemDescription>עיפרון עיניים 02</ManufacturerItemDescription>
      <UnitQty>יחידה</UnitQty>
      <Quantity>1.00</Quantity>
      <bIsWeighted>0</bIsWeighted>
      <UnitOfMeasure>יחידה</UnitOfMeasure>
      <QtyInPackage>1</QtyInPackage>
      <ItemPrice>14.00</ItemPrice>
      <UnitOfMeasurePrice>14.00</UnitOfMeasurePrice>
      <AllowDiscount>1</AllowDiscount>
      <ItemStatus>1</ItemStatus>
    </Item>
    <Item>
      <PriceUpdateDate>2020-08-28 05:42</PriceUpdateDate>
      <ItemCode>4059729246752</ItemCode>
      <ItemType>1</ItemType>
      <ItemName>פלטת צלליות יח'</ItemName>
      <ManufacturerName>כללי</ManufacturerName>
      <ManufactureCountry>IL</ManufactureCountry>
      <ManufacturerItemDescription>פלטת צלליות</ManufacturerItemDescription>
      <UnitQty>יחידה</UnitQty>
      <Quantity>1.00</Quantity>
      <bIsWeighted>0</bIsWeighted>
      <UnitOfMeasure>יחידה</UnitOfMeasure>
      <QtyInPackage>1</QtyInPackage>
      <ItemPrice>21.00</ItemPrice>
      <UnitOfMeasurePrice>21.00</UnitOfMeasurePrice>
      <AllowDiscount>1</AllowDiscount>
      <ItemStatus>1</ItemStatus>
    </Item>
    <Item>
      <PriceUpdateDate>2020-08-28 05:42</PriceUpdateDate>
      <ItemCode>4059729248336</ItemCode>
      <ItemType>1</ItemType>
      <ItemName>באלם לשפתיים יח'</ItemName>
      <ManufacturerName>כללי</ManufacturerName>
      <ManufactureCountry>IL</ManufactureCountry>
      <ManufacturerItemDescription>באלם לשפתיים</ManufacturerItemDescription>
      <UnitQty>יחידה</UnitQty>
      <Quantity>1.00</Quantity>
      <bIsWeighted>0</bIsWeighted>
      <UnitOfMeasure>יחידה</UnitOfMeasure>
      <QtyInPackage>1</QtyInPackage>
      <ItemPrice>21.00</ItemPrice>
      <UnitOfMeasurePrice>21.00</UnitOfMeasurePrice>
      <AllowDiscount>1</AllowDiscount>
      <ItemStatus>1</ItemStatus>
    </Item>
    <Item>
      <PriceUpdateDate>2020-08-28 05:42</PriceUpdateDate>
      <ItemCode>4059729250575</ItemCode>
      <ItemType>1</ItemType>
      <ItemName>לק ניוד 08 יח'</ItemName>
      <ManufacturerName>כללי</ManufacturerName>
      <ManufactureCountry>IL</ManufactureCountry>
      <ManufacturerItemDescription>לק ניוד יח08'</ManufacturerItemDescription>
      <UnitQty>יחידה</UnitQty>
      <Quantity>1.00</Quantity>
      <bIsWeighted>0</bIsWeighted>
      <UnitOfMeasure>יחידה</UnitOfMeasure>
      <QtyInPackage>1</QtyInPackage>
      <ItemPrice>10.00</ItemPrice>
      <UnitOfMeasurePrice>10.00</UnitOfMeasurePrice>
      <AllowDiscount>1</AllowDiscount>
      <ItemStatus>1</ItemStatus>
    </Item>
    <Item>
      <PriceUpdateDate>2020-10-10 20:20</PriceUpdateDate>
      <ItemCode>4084500065536</ItemCode>
      <ItemType>1</ItemType>
      <ItemName>פנטן קרם לחות מוגברת 300</ItemName>
      <ManufacturerName>פרוקטר אנד גמבל</ManufacturerName>
      <ManufactureCountry>FR</ManufactureCountry>
      <ManufacturerItemDescription>קרם לשיער פנטן</ManufacturerItemDescription>
      <UnitQty>מיליליטרים</UnitQty>
      <Quantity>300.00</Quantity>
      <bIsWeighted>0</bIsWeighted>
      <UnitOfMeasure>100 מ"ל</UnitOfMeasure>
      <QtyInPackage>0</QtyInPackage>
      <ItemPrice>17.90</ItemPrice>
      <UnitOfMeasurePrice>5.96</UnitOfMeasurePrice>
      <AllowDiscount>1</AllowDiscount>
      <ItemStatus>1</ItemStatus>
    </Item>
    <Item>
      <PriceUpdateDate>2020-10-10 20:20</PriceUpdateDate>
      <ItemCode>4084500065598</ItemCode>
      <ItemType>1</ItemType>
      <ItemName>פנטן קרם לחות לתלתלים300</ItemName>
      <ManufacturerName>פרוקטר אנד גמבל</ManufacturerName>
      <ManufactureCountry>FR</ManufactureCountry>
      <ManufacturerItemDescription>קרם לשיער פנטן</ManufacturerItemDescription>
      <UnitQty>מיליליטרים</UnitQty>
      <Quantity>300.00</Quantity>
      <bIsWeighted>0</bIsWeighted>
      <UnitOfMeasure>100 מ"ל</UnitOfMeasure>
      <QtyInPackage>0</QtyInPackage>
      <ItemPrice>17.90</ItemPrice>
      <UnitOfMeasurePrice>5.96</UnitOfMeasurePrice>
      <AllowDiscount>1</AllowDiscount>
      <ItemStatus>1</ItemStatus>
    </Item>
    <Item>
      <PriceUpdateDate>2020-10-10 20:20</PriceUpdateDate>
      <ItemCode>4084500081314</ItemCode>
      <ItemType>1</ItemType>
      <ItemName>אורל בי פרואקספרט 75 מ"</ItemName>
      <ManufacturerName>פרוקטר אנד גמבל</ManufacturerName>
      <ManufactureCountry>DE</ManufactureCountry>
      <ManufacturerItemDescription>משחת אורל בי</ManufacturerItemDescription>
      <UnitQty>מיליליטרים</UnitQty>
      <Quantity>75.00</Quantity>
      <bIsWeighted>0</bIsWeighted>
      <UnitOfMeasure>100 מ"ל</UnitOfMeasure>
      <QtyInPackage>1</QtyInPackage>
      <ItemPrice>11.90</ItemPrice>
      <UnitOfMeasurePrice>15.86</UnitOfMeasurePrice>
      <AllowDiscount>1</AllowDiscount>
      <ItemStatus>1</ItemStatus>
    </Item>
    <Item>
      <PriceUpdateDate>2020-10-10 20:20</PriceUpdateDate>
      <ItemCode>4084500739253</ItemCode>
      <ItemType>1</ItemType>
      <ItemName>אורל בי White 3Dלובן75מל</ItemName>
      <ManufacturerName>פרוקטר אנד גמבל</ManufacturerName>
      <ManufactureCountry>DE</ManufactureCountry>
      <ManufacturerItemDescription>משחת אורל בי</ManufacturerItemDescription>
      <UnitQty>מיליליטרים</UnitQty>
      <Quantity>75.00</Quantity>
      <bIsWeighted>0</bIsWeighted>
      <UnitOfMeasure>100 מ"ל</UnitOfMeasure>
      <QtyInPackage>1</QtyInPackage>
      <ItemPrice>15.90</ItemPrice>
      <UnitOfMeasurePrice>21.20</UnitOfMeasurePrice>
      <AllowDiscount>1</AllowDiscount>
      <ItemStatus>1</ItemStatus>
    </Item>
    <Item>
      <PriceUpdateDate>2020-10-10 20:20</PriceUpdateDate>
      <ItemCode>4210201078128</ItemCode>
      <ItemType>1</ItemType>
      <ItemName>מברשת חשמלית PRO 800</ItemName>
      <ManufacturerName>B ORAL</ManufacturerName>
      <ManufactureCountry>DE</ManufactureCountry>
      <ManufacturerItemDescription>אורל בי נטענת</ManufacturerItemDescription>
      <UnitQty>יחידה</UnitQty>
      <Quantity>1.00</Quantity>
      <bIsWeighted>0</bIsWeighted>
      <UnitOfMeasure>יחידה</UnitOfMeasure>
      <QtyInPackage>0</QtyInPackage>
      <ItemPrice>169.00</ItemPrice>
      <UnitOfMeasurePrice>169.00</UnitOfMeasurePrice>
      <AllowDiscount>1</AllowDiscount>
      <ItemStatus>1</ItemStatus>
    </Item>
    <Item>
      <PriceUpdateDate>2020-10-14 09:10</PriceUpdateDate>
      <ItemCode>4210201176718</ItemCode>
      <ItemType>1</ItemType>
      <ItemName>4 ראשים חשמלי סנסטיב</ItemName>
      <ManufacturerName>בראון</ManufacturerName>
      <ManufactureCountry>DE</ManufactureCountry>
      <ManufacturerItemDescription>ראש חשמלי 4 יח</ManufacturerItemDescription>
      <UnitQty>יחידה</UnitQty>
      <Quantity>1.00</Quantity>
      <bIsWeighted>0</bIsWeighted>
      <UnitOfMeasure>יחידה</UnitOfMeasure>
      <QtyInPackage>1</QtyInPackage>
      <ItemPrice>99.90</ItemPrice>
      <UnitOfMeasurePrice>99.90</UnitOfMeasurePrice>
      <AllowDiscount>1</AllowDiscount>
      <ItemStatus>1</ItemStatus>
    </Item>
    <Item>
      <PriceUpdateDate>2020-10-14 09:10</PriceUpdateDate>
      <ItemCode>4210201262183</ItemCode>
      <ItemType>1</ItemType>
      <ItemName>מברשת חשמלית נטענת-מבוגר</ItemName>
      <ManufacturerName>בראון</ManufacturerName>
      <ManufactureCountry>DE</ManufactureCountry>
      <ManufacturerItemDescription>מברשת נטענת</ManufacturerItemDescription>
      <UnitQty>יחידה</UnitQty>
      <Quantity>1.00</Quantity>
      <bIsWeighted>0</bIsWeighted>
      <UnitOfMeasure>יחידה</UnitOfMeasure>
      <QtyInPackage>1</QtyInPackage>
      <ItemPrice>99.90</ItemPrice>
      <UnitOfMeasurePrice>99.90</UnitOfMeasurePrice>
      <AllowDiscount>1</AllowDiscount>
      <ItemStatus>1</ItemStatus>
    </Item>
    <Item>
      <PriceUpdateDate>2020-01-20 00:14</PriceUpdateDate>
      <ItemCode>4210201822448</ItemCode>
      <ItemType>1</ItemType>
      <ItemName>מברשת פרו אקספורט+סוללה</ItemName>
      <ManufacturerName>פרוקטר &amp; גמבל</ManufacturerName>
      <ManufactureCountry>IL</ManufactureCountry>
      <ManufacturerItemDescription>מברשת אורל בי</ManufacturerItemDescription>
      <UnitQty>יחידה</UnitQty>
      <Quantity>1.00</Quantity>
      <bIsWeighted>0</bIsWeighted>
      <UnitOfMeasure>יחידה</UnitOfMeasure>
      <QtyInPackage>1</QtyInPackage>
      <ItemPrice>72.90</ItemPrice>
      <UnitOfMeasurePrice>72.90</UnitOfMeasurePrice>
      <AllowDiscount>1</AllowDiscount>
      <ItemStatus>1</ItemStatus>
    </Item>
    <Item>
      <PriceUpdateDate>2020-10-10 21:00</PriceUpdateDate>
      <ItemCode>42299363</ItemCode>
      <ItemType>1</ItemType>
      <ItemName>דאו.ניוואה OCEAN 50מ"ל</ItemName>
      <ManufacturerName>ביירסדורץ</ManufacturerName>
      <ManufactureCountry>IL</ManufactureCountry>
      <ManufacturerItemDescription>דאודורנט ניוואה</ManufacturerItemDescription>
      <UnitQty>מיליליטרים</UnitQty>
      <Quantity>50.00</Quantity>
      <bIsWeighted>0</bIsWeighted>
      <UnitOfMeasure>100 מ"ל</UnitOfMeasure>
      <QtyInPackage>1</QtyInPackage>
      <ItemPrice>12.90</ItemPrice>
      <UnitOfMeasurePrice>25.80</UnitOfMeasurePrice>
      <AllowDiscount>1</AllowDiscount>
      <ItemStatus>1</ItemStatus>
    </Item>
    <Item>
      <PriceUpdateDate>2020-03-22 11:54</PriceUpdateDate>
      <ItemCode>4250338446513</ItemCode>
      <ItemType>1</ItemType>
      <ItemName>מחדד</ItemName>
      <ManufacturerName>CATRICE</ManufacturerName>
      <ManufactureCountry>DE</ManufactureCountry>
      <ManufacturerItemDescription>מחדד</ManufacturerItemDescription>
      <UnitQty>יחידה</UnitQty>
      <Quantity>1.00</Quantity>
      <bIsWeighted>0</bIsWeighted>
      <UnitOfMeasure>יחידה</UnitOfMeasure>
      <QtyInPackage>0</QtyInPackage>
      <ItemPrice>9.00</ItemPrice>
      <UnitOfMeasurePrice>9.00</UnitOfMeasurePrice>
      <AllowDiscount>1</AllowDiscount>
      <ItemStatus>1</ItemStatus>
    </Item>
    <Item>
      <PriceUpdateDate>2020-03-22 11:54</PriceUpdateDate>
      <ItemCode>4250338474363</ItemCode>
      <ItemType>1</ItemType>
      <ItemName>איילנר נוזלי</ItemName>
      <ManufacturerName>CATRICE</ManufacturerName>
      <ManufactureCountry>DE</ManufactureCountry>
      <ManufacturerItemDescription>איילנר נוזלי</ManufacturerItemDescription>
      <UnitQty>יחידה</UnitQty>
      <Quantity>1.00</Quantity>
      <bIsWeighted>0</bIsWeighted>
      <UnitOfMeasure>יחידה</UnitOfMeasure>
      <QtyInPackage>0</QtyInPackage>
      <ItemPrice>15.00</ItemPrice>
      <UnitOfMeasurePrice>15.00</UnitOfMeasurePrice>
      <AllowDiscount>1</AllowDiscount>
      <ItemStatus>1</ItemStatus>
    </Item>
    <Item>
      <PriceUpdateDate>2020-03-22 11:54</PriceUpdateDate>
      <ItemCode>4250338474400</ItemCode>
      <ItemType>1</ItemType>
      <ItemName>איילנר נוזלי עמיד במים</ItemName>
      <ManufacturerName>CATRICE</ManufacturerName>
      <ManufactureCountry>DE</ManufactureCountry>
      <ManufacturerItemDescription>איילנר נוזלי עמי</ManufacturerItemDescription>
      <UnitQty>יחידה</UnitQty>
      <Quantity>1.00</Quantity>
      <bIsWeighted>0</bIsWeighted>
      <UnitOfMeasure>יחידה</UnitOfMeasure>
      <QtyInPackage>0</QtyInPackage>
      <ItemPrice>16.00</ItemPrice>
      <UnitOfMeasurePrice>16.00</UnitOfMeasurePrice>
      <AllowDiscount>1</AllowDiscount>
      <ItemStatus>1</ItemStatus>
    </Item>
    <Item>
      <PriceUpdateDate>2020-03-22 11:54</PriceUpdateDate>
      <ItemCode>4250338474431</ItemCode>
      <ItemType>1</ItemType>
      <ItemName>עפרון קז'אל 70</ItemName>
      <ManufacturerName>CATRICE</ManufacturerName>
      <ManufactureCountry>DE</ManufactureCountry>
      <ManufacturerItemDescription>עפרון קז'אל 70</ManufacturerItemDescription>
      <UnitQty>יחידה</UnitQty>
      <Quantity>1.00</Quantity>
      <bIsWeighted>0</bIsWeighted>
      <UnitOfMeasure>יחידה</UnitOfMeasure>
      <QtyInPackage>0</QtyInPackage>
      <ItemPrice>9.00</ItemPrice>
      <UnitOfMeasurePrice>9.00</UnitOfMeasurePrice>
      <AllowDiscount>1</AllowDiscount>
      <ItemStatus>1</ItemStatus>
    </Item>
    <Item>
      <PriceUpdateDate>2020-03-22 11:54</PriceUpdateDate>
      <ItemCode>4250338487752</ItemCode>
      <ItemType>1</ItemType>
      <ItemName>עיפרון  גבות 20</ItemName>
      <ManufacturerName>CATRICE</ManufacturerName>
      <ManufactureCountry>DE</ManufactureCountry>
      <ManufacturerItemDescription>עיפרון גבות 20</ManufacturerItemDescription>
      <UnitQty>יחידה</UnitQty>
      <Quantity>1.00</Quantity>
      <bIsWeighted>0</bIsWeighted>
      <UnitOfMeasure>יחידה</UnitOfMeasure>
      <QtyInPackage>0</QtyInPackage>
      <ItemPrice>11.00</ItemPrice>
      <UnitOfMeasurePrice>11.00</UnitOfMeasurePrice>
      <AllowDiscount>1</AllowDiscount>
      <ItemStatus>1</ItemStatus>
    </Item>
    <Item>
      <PriceUpdateDate>2020-03-22 11:54</PriceUpdateDate>
      <ItemCode>4250338487769</ItemCode>
      <ItemType>1</ItemType>
      <ItemName>עיפרון  גבות 30</ItemName>
      <ManufacturerName>CATRICE</ManufacturerName>
      <ManufactureCountry>DE</ManufactureCountry>
      <ManufacturerItemDescription>עיפרון גבות 30</ManufacturerItemDescription>
      <UnitQty>יחידה</UnitQty>
      <Quantity>1.00</Quantity>
      <bIsWeighted>0</bIsWeighted>
      <UnitOfMeasure>יחידה</UnitOfMeasure>
      <QtyInPackage>0</QtyInPackage>
      <ItemPrice>11.00</ItemPrice>
      <UnitOfMeasurePrice>11.00</UnitOfMeasurePrice>
      <AllowDiscount>1</AllowDiscount>
      <ItemStatus>1</ItemStatus>
    </Item>
    <Item>
      <PriceUpdateDate>2020-03-22 11:54</PriceUpdateDate>
      <ItemCode>4250587792119</ItemCode>
      <ItemType>1</ItemType>
      <ItemName>באלם  לשפתיים</ItemName>
      <ManufacturerName>CATRICE</ManufacturerName>
      <ManufactureCountry>DE</ManufactureCountry>
      <ManufacturerItemDescription>באלם לשפתיים</ManufacturerItemDescription>
      <UnitQty>יחידה</UnitQty>
      <Quantity>1.00</Quantity>
      <bIsWeighted>0</bIsWeighted>
      <UnitOfMeasure>יחידה</UnitOfMeasure>
      <QtyInPackage>0</QtyInPackage>
      <ItemPrice>21.00</ItemPrice>
      <UnitOfMeasurePrice>21.00</UnitOfMeasurePrice>
      <AllowDiscount>1</AllowDiscount>
      <ItemStatus>1</ItemStatus>
    </Item>
    <Item>
      <PriceUpdateDate>2020-03-22 11:54</PriceUpdateDate>
      <ItemCode>4250587793338</ItemCode>
      <ItemType>1</ItemType>
      <ItemName>פודרה דחוסה מט 25</ItemName>
      <ManufacturerName>CATRICE</ManufacturerName>
      <ManufactureCountry>DE</ManufactureCountry>
      <ManufacturerItemDescription>פודרה מט 25</ManufacturerItemDescription>
      <UnitQty>יחידה</UnitQty>
      <Quantity>1.00</Quantity>
      <bIsWeighted>0</bIsWeighted>
      <UnitOfMeasure>יחידה</UnitOfMeasure>
      <QtyInPackage>0</QtyInPackage>
      <ItemPrice>15.00</ItemPrice>
      <UnitOfMeasurePrice>15.00</UnitOfMeasurePrice>
      <AllowDiscount>1</AllowDiscount>
      <ItemStatus>1</ItemStatus>
    </Item>
    <Item>
      <PriceUpdateDate>2020-03-22 11:54</PriceUpdateDate>
      <ItemCode>4250947563441</ItemCode>
      <ItemType>1</ItemType>
      <ItemName>שימר</ItemName>
      <ManufacturerName>CATRICE</ManufacturerName>
      <ManufactureCountry>DE</ManufactureCountry>
      <ManufacturerItemDescription>שימר</ManufacturerItemDescription>
      <UnitQty>יחידה</UnitQty>
      <Quantity>1.00</Quantity>
      <bIsWeighted>0</bIsWeighted>
      <UnitOfMeasure>יחידה</UnitOfMeasure>
      <QtyInPackage>0</QtyInPackage>
      <ItemPrice>21.00</ItemPrice>
      <UnitOfMeasurePrice>21.00</UnitOfMeasurePrice>
      <AllowDiscount>1</AllowDiscount>
      <ItemStatus>1</ItemStatus>
    </Item>
    <Item>
      <PriceUpdateDate>2020-03-22 11:54</PriceUpdateDate>
      <ItemCode>4250947598283</ItemCode>
      <ItemType>1</ItemType>
      <ItemName>מייק אפ 10-HD</ItemName>
      <ManufacturerName>CATRICE</ManufacturerName>
      <ManufactureCountry>DE</ManufactureCountry>
      <ManufacturerItemDescription>מייק אפ 10-HD</ManufacturerItemDescription>
      <UnitQty>מיליליטרים</UnitQty>
      <Quantity>30.00</Quantity>
      <bIsWeighted>0</bIsWeighted>
      <UnitOfMeasure>100 מ"ל</UnitOfMeasure>
      <QtyInPackage>0</QtyInPackage>
      <ItemPrice>29.00</ItemPrice>
      <UnitOfMeasurePrice>96.67</UnitOfMeasurePrice>
      <AllowDiscount>1</AllowDiscount>
      <ItemStatus>1</ItemStatus>
    </Item>
    <Item>
      <PriceUpdateDate>2020-03-22 11:54</PriceUpdateDate>
      <ItemCode>4251232202267</ItemCode>
      <ItemType>1</ItemType>
      <ItemName>ליפגלוס ווילום 30</ItemName>
      <ManufacturerName>CATRICE</ManufacturerName>
      <ManufactureCountry>DE</ManufactureCountry>
      <ManufacturerItemDescription>ליפגלוס ווילום 3</ManufacturerItemDescription>
      <UnitQty>יחידה</UnitQty>
      <Quantity>1.00</Quantity>
      <bIsWeighted>0</bIsWeighted>
      <UnitOfMeasure>יחידה</UnitOfMeasure>
      <QtyInPackage>0</QtyInPackage>
      <ItemPrice>15.00</ItemPrice>
      <UnitOfMeasurePrice>15.00</UnitOfMeasurePrice>
      <AllowDiscount>1</AllowDiscount>
      <ItemStatus>1</ItemStatus>
    </Item>
    <Item>
      <PriceUpdateDate>2020-01-20 00:14</PriceUpdateDate>
      <ItemCode>4251232217513</ItemCode>
      <ItemType>1</ItemType>
      <ItemName>עיפרון עיניים עמיד 10</ItemName>
      <ManufacturerName>CATRICE</ManufacturerName>
      <ManufactureCountry>DE</ManufactureCountry>
      <ManufacturerItemDescription>עיפרון עיניים 10</ManufacturerItemDescription>
      <UnitQty>יחידה</UnitQty>
      <Quantity>1.00</Quantity>
      <bIsWeighted>0</bIsWeighted>
      <UnitOfMeasure>יחידה</UnitOfMeasure>
      <QtyInPackage>0</QtyInPackage>
      <ItemPrice>10.00</ItemPrice>
      <UnitOfMeasurePrice>10.00</UnitOfMeasurePrice>
      <AllowDiscount>1</AllowDiscount>
      <ItemStatus>1</ItemStatus>
    </Item>
    <Item>
      <PriceUpdateDate>2020-03-22 11:54</PriceUpdateDate>
      <ItemCode>4251232218473</ItemCode>
      <ItemType>1</ItemType>
      <ItemName>עיפרון שפתיים מט 90</ItemName>
      <ManufacturerName>CATRICE</ManufacturerName>
      <ManufactureCountry>DE</ManufactureCountry>
      <ManufacturerItemDescription>עיפרון שפתיים מט</ManufacturerItemDescription>
      <UnitQty>יחידה</UnitQty>
      <Quantity>1.00</Quantity>
      <bIsWeighted>0</bIsWeighted>
      <UnitOfMeasure>יחידה</UnitOfMeasure>
      <QtyInPackage>0</QtyInPackage>
      <ItemPrice>11.00</ItemPrice>
      <UnitOfMeasurePrice>11.00</UnitOfMeasurePrice>
      <AllowDiscount>1</AllowDiscount>
      <ItemStatus>1</ItemStatus>
    </Item>
    <Item>
      <PriceUpdateDate>2020-03-22 11:54</PriceUpdateDate>
      <ItemCode>4251232218527</ItemCode>
      <ItemType>1</ItemType>
      <ItemName>עיפרון אינק לשפתיים 010</ItemName>
      <ManufacturerName>כללי</ManufacturerName>
      <ManufactureCountry>IL</ManufactureCountry>
      <ManufacturerItemDescription>עיפרון אינק לשפת</ManufacturerItemDescription>
      <UnitQty>יחידה</UnitQty>
      <Quantity>1.00</Quantity>
      <bIsWeighted>0</bIsWeighted>
      <UnitOfMeasure>יחידה</UnitOfMeasure>
      <QtyInPackage>1</QtyInPackage>
      <ItemPrice>14.00</ItemPrice>
      <UnitOfMeasurePrice>14.00</UnitOfMeasurePrice>
      <AllowDiscount>1</AllowDiscount>
      <ItemStatus>1</ItemStatus>
    </Item>
    <Item>
      <PriceUpdateDate>2020-03-22 11:54</PriceUpdateDate>
      <ItemCode>4251232218534</ItemCode>
      <ItemType>1</ItemType>
      <ItemName>עיפרון אינק לשפתיים 020</ItemName>
      <ManufacturerName>כללי</ManufacturerName>
      <ManufactureCountry>IL</ManufactureCountry>
      <ManufacturerItemDescription>עיפרון אינק לשפת</ManufacturerItemDescription>
      <UnitQty>יחידה</UnitQty>
      <Quantity>1.00</Quantity>
      <bIsWeighted>0</bIsWeighted>
      <UnitOfMeasure>יחידה</UnitOfMeasure>
      <QtyInPackage>1</QtyInPackage>
      <ItemPrice>14.00</ItemPrice>
      <UnitOfMeasurePrice>14.00</UnitOfMeasurePrice>
      <AllowDiscount>1</AllowDiscount>
      <ItemStatus>1</ItemStatus>
    </Item>
    <Item>
      <PriceUpdateDate>2020-03-22 11:54</PriceUpdateDate>
      <ItemCode>4251232218572</ItemCode>
      <ItemType>1</ItemType>
      <ItemName>עיפרון אינק לשפתיים 060</ItemName>
      <ManufacturerName>כללי</ManufacturerName>
      <ManufactureCountry>IL</ManufactureCountry>
      <ManufacturerItemDescription>עיפרון אינק לשפת</ManufacturerItemDescription>
      <UnitQty>יחידה</UnitQty>
      <Quantity>1.00</Quantity>
      <bIsWeighted>0</bIsWeighted>
      <UnitOfMeasure>יחידה</UnitOfMeasure>
      <QtyInPackage>1</QtyInPackage>
      <ItemPrice>14.00</ItemPrice>
      <UnitOfMeasurePrice>14.00</UnitOfMeasurePrice>
      <AllowDiscount>1</AllowDiscount>
      <ItemStatus>1</ItemStatus>
    </Item>
    <Item>
      <PriceUpdateDate>2020-03-22 11:54</PriceUpdateDate>
      <ItemCode>4251232227284</ItemCode>
      <ItemType>1</ItemType>
      <ItemName>עיפרון גבות סלים 30</ItemName>
      <ManufacturerName>CATRICE</ManufacturerName>
      <ManufactureCountry>DE</ManufactureCountry>
      <ManufacturerItemDescription>עיפרון גבות סלים</ManufacturerItemDescription>
      <UnitQty>יחידה</UnitQty>
      <Quantity>1.00</Quantity>
      <bIsWeighted>0</bIsWeighted>
      <UnitOfMeasure>יחידה</UnitOfMeasure>
      <QtyInPackage>0</QtyInPackage>
      <ItemPrice>14.00</ItemPrice>
      <UnitOfMeasurePrice>14.00</UnitOfMeasurePrice>
      <AllowDiscount>1</AllowDiscount>
      <ItemStatus>1</ItemStatus>
    </Item>
    <Item>
      <PriceUpdateDate>2020-02-16 10:14</PriceUpdateDate>
      <ItemCode>4251232241860</ItemCode>
      <ItemType>1</ItemType>
      <ItemName>לק במרקם ג'ל 03</ItemName>
      <ManufacturerName>CATRICE</ManufacturerName>
      <ManufactureCountry>DE</ManufactureCountry>
      <ManufacturerItemDescription>לק במרקם ג'ל 03</ManufacturerItemDescription>
      <UnitQty>יחידה</UnitQty>
      <Quantity>1.00</Quantity>
      <bIsWeighted>0</bIsWeighted>
      <UnitOfMeasure>יחידה</UnitOfMeasure>
      <QtyInPackage>0</QtyInPackage>
      <ItemPrice>10.00</ItemPrice>
      <UnitOfMeasurePrice>10.00</UnitOfMeasurePrice>
      <AllowDiscount>1</AllowDiscount>
      <ItemStatus>1</ItemStatus>
    </Item>
    <Item>
      <PriceUpdateDate>2020-02-16 10:14</PriceUpdateDate>
      <ItemCode>4251232241945</ItemCode>
      <ItemType>1</ItemType>
      <ItemName>לק במרקם ג'ל 11</ItemName>
      <ManufacturerName>CATRICE</ManufacturerName>
      <ManufactureCountry>DE</ManufactureCountry>
      <ManufacturerItemDescription>לק במרקם ג'ל 11</ManufacturerItemDescription>
      <UnitQty>יחידה</UnitQty>
      <Quantity>1.00</Quantity>
      <bIsWeighted>0</bIsWeighted>
      <UnitOfMeasure>יחידה</UnitOfMeasure>
      <QtyInPackage>0</QtyInPackage>
      <ItemPrice>10.00</ItemPrice>
      <UnitOfMeasurePrice>10.00</UnitOfMeasurePrice>
      <AllowDiscount>1</AllowDiscount>
      <ItemStatus>1</ItemStatus>
    </Item>
    <Item>
      <PriceUpdateDate>2020-02-16 10:14</PriceUpdateDate>
      <ItemCode>4251232256116</ItemCode>
      <ItemType>1</ItemType>
      <ItemName>מסקרה לריסים מלאכותיים</ItemName>
      <ManufacturerName>CATRICE</ManufacturerName>
      <ManufactureCountry>DE</ManufactureCountry>
      <ManufacturerItemDescription>מסקרה מלאכותיים</ManufacturerItemDescription>
      <UnitQty>יחידה</UnitQty>
      <Quantity>1.00</Quantity>
      <bIsWeighted>0</bIsWeighted>
      <UnitOfMeasure>יחידה</UnitOfMeasure>
      <QtyInPackage>0</QtyInPackage>
      <ItemPrice>17.00</ItemPrice>
      <UnitOfMeasurePrice>17.00</UnitOfMeasurePrice>
      <AllowDiscount>1</AllowDiscount>
      <ItemStatus>1</ItemStatus>
    </Item>
    <Item>
      <PriceUpdateDate>2020-08-28 05:42</PriceUpdateDate>
      <ItemCode>4251232283631</ItemCode>
      <ItemType>1</ItemType>
      <ItemName>שפתון מאט 070 יח'</ItemName>
      <ManufacturerName>כללי</ManufacturerName>
      <ManufactureCountry>IL</ManufactureCountry>
      <ManufacturerItemDescription>שפתון מאט 070</ManufacturerItemDescription>
      <UnitQty>יחידה</UnitQty>
      <Quantity>1.00</Quantity>
      <bIsWeighted>0</bIsWeighted>
      <UnitOfMeasure>יחידה</UnitOfMeasure>
      <QtyInPackage>1</QtyInPackage>
      <ItemPrice>21.00</ItemPrice>
      <UnitOfMeasurePrice>21.00</UnitOfMeasurePrice>
      <AllowDiscount>1</AllowDiscount>
      <ItemStatus>1</ItemStatus>
    </Item>
    <Item>
      <PriceUpdateDate>2020-03-22 11:54</PriceUpdateDate>
      <ItemCode>4251232283938</ItemCode>
      <ItemType>1</ItemType>
      <ItemName>עיפרון אינק לשפתיים 070</ItemName>
      <ManufacturerName>כללי</ManufacturerName>
      <ManufactureCountry>IL</ManufactureCountry>
      <ManufacturerItemDescription>עיפרון אינק לשפת</ManufacturerItemDescription>
      <UnitQty>יחידה</UnitQty>
      <Quantity>1.00</Quantity>
      <bIsWeighted>0</bIsWeighted>
      <UnitOfMeasure>יחידה</UnitOfMeasure>
      <QtyInPackage>1</QtyInPackage>
      <ItemPrice>14.00</ItemPrice>
      <UnitOfMeasurePrice>14.00</UnitOfMeasurePrice>
      <AllowDiscount>1</AllowDiscount>
      <ItemStatus>1</ItemStatus>
    </Item>
    <Item>
      <PriceUpdateDate>2020-02-16 10:14</PriceUpdateDate>
      <ItemCode>4251232284300</ItemCode>
      <ItemType>1</ItemType>
      <ItemName>קונסילר  נוזלי 07</ItemName>
      <ManufacturerName>CATRICE</ManufacturerName>
      <ManufactureCountry>DE</ManufactureCountry>
      <ManufacturerItemDescription>קונסילר  נוזלי 0</ManufacturerItemDescription>
      <UnitQty>יחידה</UnitQty>
      <Quantity>1.00</Quantity>
      <bIsWeighted>0</bIsWeighted>
      <UnitOfMeasure>יחידה</UnitOfMeasure>
      <QtyInPackage>0</QtyInPackage>
      <ItemPrice>15.00</ItemPrice>
      <UnitOfMeasurePrice>15.00</UnitOfMeasurePrice>
      <AllowDiscount>1</AllowDiscount>
      <ItemStatus>1</ItemStatus>
    </Item>
    <Item>
      <PriceUpdateDate>2020-03-22 11:54</PriceUpdateDate>
      <ItemCode>4251232284348</ItemCode>
      <ItemType>1</ItemType>
      <ItemName>פודרה דחוסה מט 01</ItemName>
      <ManufacturerName>CATRICE</ManufacturerName>
      <ManufactureCountry>DE</ManufactureCountry>
      <ManufacturerItemDescription>פודרה מט 01</ManufacturerItemDescription>
      <UnitQty>יחידה</UnitQty>
      <Quantity>1.00</Quantity>
      <bIsWeighted>0</bIsWeighted>
      <UnitOfMeasure>יחידה</UnitOfMeasure>
      <QtyInPackage>0</QtyInPackage>
      <ItemPrice>15.00</ItemPrice>
      <UnitOfMeasurePrice>15.00</UnitOfMeasurePrice>
      <AllowDiscount>1</AllowDiscount>
      <ItemStatus>1</ItemStatus>
    </Item>
    <Item>
      <PriceUpdateDate>2020-02-16 10:14</PriceUpdateDate>
      <ItemCode>4251232284485</ItemCode>
      <ItemType>1</ItemType>
      <ItemName>בסיס וטופ 2ב1</ItemName>
      <ManufacturerName>CATRICE</ManufacturerName>
      <ManufactureCountry>DE</ManufactureCountry>
      <ManufacturerItemDescription>בסיס וטופ 2ב1</ManufacturerItemDescription>
      <UnitQty>יחידה</UnitQty>
      <Quantity>1.00</Quantity>
      <bIsWeighted>0</bIsWeighted>
      <UnitOfMeasure>יחידה</UnitOfMeasure>
      <QtyInPackage>0</QtyInPackage>
      <ItemPrice>10.00</ItemPrice>
      <UnitOfMeasurePrice>10.00</UnitOfMeasurePrice>
      <AllowDiscount>1</AllowDiscount>
      <ItemStatus>1</ItemStatus>
    </Item>
    <Item>
      <PriceUpdateDate>2020-02-16 10:14</PriceUpdateDate>
      <ItemCode>4251232284546</ItemCode>
      <ItemType>1</ItemType>
      <ItemName>לק במרקם ג'ל 51</ItemName>
      <ManufacturerName>CATRICE</ManufacturerName>
      <ManufactureCountry>DE</ManufactureCountry>
      <ManufacturerItemDescription>לק במרקם ג'ל 51</ManufacturerItemDescription>
      <UnitQty>יחידה</UnitQty>
      <Quantity>1.00</Quantity>
      <bIsWeighted>0</bIsWeighted>
      <UnitOfMeasure>יחידה</UnitOfMeasure>
      <QtyInPackage>0</QtyInPackage>
      <ItemPrice>10.00</ItemPrice>
      <UnitOfMeasurePrice>10.00</UnitOfMeasurePrice>
      <AllowDiscount>1</AllowDiscount>
      <ItemStatus>1</ItemStatus>
    </Item>
    <Item>
      <PriceUpdateDate>2020-05-06 16:13</PriceUpdateDate>
      <ItemCode>46214731552</ItemCode>
      <ItemType>1</ItemType>
      <ItemName>עוגיות שוקולד צ'יפס225גר</ItemName>
      <ManufacturerName>מרבה</ManufacturerName>
      <ManufactureCountry>NL</ManufactureCountry>
      <ManufacturerItemDescription>עוגיות ש.צ'יפס</ManufacturerItemDescription>
      <UnitQty>גרמים</UnitQty>
      <Quantity>225.00</Quantity>
      <bIsWeighted>0</bIsWeighted>
      <UnitOfMeasure>100 גרם</UnitOfMeasure>
      <QtyInPackage>0</QtyInPackage>
      <ItemPrice>13.90</ItemPrice>
      <UnitOfMeasurePrice>6.18</UnitOfMeasurePrice>
      <AllowDiscount>1</AllowDiscount>
      <ItemStatus>1</ItemStatus>
    </Item>
    <Item>
      <PriceUpdateDate>2020-01-20 00:09</PriceUpdateDate>
      <ItemCode>4710068001739</ItemCode>
      <ItemType>1</ItemType>
      <ItemName>מאסטר קפה</ItemName>
      <ManufacturerName />
      <ManufactureCountry>TW</ManufactureCountry>
      <ManufacturerItemDescription>מאסטר קפה</ManufacturerItemDescription>
      <UnitQty>מיליליטרים</UnitQty>
      <Quantity>240.00</Quantity>
      <bIsWeighted>0</bIsWeighted>
      <UnitOfMeasure>100 מ"ל</UnitOfMeasure>
      <QtyInPackage>0</QtyInPackage>
      <ItemPrice>6.70</ItemPrice>
      <UnitOfMeasurePrice>2.79</UnitOfMeasurePrice>
      <AllowDiscount>1</AllowDiscount>
      <ItemStatus>1</ItemStatus>
    </Item>
    <Item>
      <PriceUpdateDate>2020-10-13 11:50</PriceUpdateDate>
      <ItemCode>4800888150080</ItemCode>
      <ItemType>1</ItemType>
      <ItemName>דאו.דאב רול און ירוק 50</ItemName>
      <ManufacturerName>יוניליוור</ManufacturerName>
      <ManufactureCountry>PH</ManufactureCountry>
      <ManufacturerItemDescription>דאודורנט דאב</ManufacturerItemDescription>
      <UnitQty>מיליליטרים</UnitQty>
      <Quantity>50.00</Quantity>
      <bIsWeighted>0</bIsWeighted>
      <UnitOfMeasure>100 מ"ל</UnitOfMeasure>
      <QtyInPackage>0</QtyInPackage>
      <ItemPrice>14.90</ItemPrice>
      <UnitOfMeasurePrice>29.80</UnitOfMeasurePrice>
      <AllowDiscount>1</AllowDiscount>
      <ItemStatus>1</ItemStatus>
    </Item>
    <Item>
      <PriceUpdateDate>2020-10-13 11:50</PriceUpdateDate>
      <ItemCode>4800888150103</ItemCode>
      <ItemType>1</ItemType>
      <ItemName>דאו.דאב רול און כחול 50</ItemName>
      <ManufacturerName>יוניליוור</ManufacturerName>
      <ManufactureCountry>PH</ManufactureCountry>
      <ManufacturerItemDescription>דאודורנט דאב</ManufacturerItemDescription>
      <UnitQty>מיליליטרים</UnitQty>
      <Quantity>50.00</Quantity>
      <bIsWeighted>0</bIsWeighted>
      <UnitOfMeasure>100 מ"ל</UnitOfMeasure>
      <QtyInPackage>0</QtyInPackage>
      <ItemPrice>14.90</ItemPrice>
      <UnitOfMeasurePrice>29.80</UnitOfMeasurePrice>
      <AllowDiscount>1</AllowDiscount>
      <ItemStatus>1</ItemStatus>
    </Item>
    <Item>
      <PriceUpdateDate>2020-10-13 11:50</PriceUpdateDate>
      <ItemCode>4800888190154</ItemCode>
      <ItemType>1</ItemType>
      <ItemName>דאו.דאב רול און טלק 50מל</ItemName>
      <ManufacturerName>יוניליוור</ManufacturerName>
      <ManufactureCountry>PH</ManufactureCountry>
      <ManufacturerItemDescription>דאודורנט דאב</ManufacturerItemDescription>
      <UnitQty>מיליליטרים</UnitQty>
      <Quantity>50.00</Quantity>
      <bIsWeighted>0</bIsWeighted>
      <UnitOfMeasure>100 מ"ל</UnitOfMeasure>
      <QtyInPackage>1</QtyInPackage>
      <ItemPrice>14.90</ItemPrice>
      <UnitOfMeasurePrice>29.80</UnitOfMeasurePrice>
      <AllowDiscount>1</AllowDiscount>
      <ItemStatus>1</ItemStatus>
    </Item>
    <Item>
      <PriceUpdateDate>2020-10-13 11:50</PriceUpdateDate>
      <ItemCode>4800888199553</ItemCode>
      <ItemType>1</ItemType>
      <ItemName>דאו.דאב רולאון רימונים50</ItemName>
      <ManufacturerName>יוניליוור</ManufacturerName>
      <ManufactureCountry>PH</ManufactureCountry>
      <ManufacturerItemDescription>דאודורנט דאב</ManufacturerItemDescription>
      <UnitQty>מיליליטרים</UnitQty>
      <Quantity>50.00</Quantity>
      <bIsWeighted>0</bIsWeighted>
      <UnitOfMeasure>100 מ"ל</UnitOfMeasure>
      <QtyInPackage>1</QtyInPackage>
      <ItemPrice>14.90</ItemPrice>
      <UnitOfMeasurePrice>29.80</UnitOfMeasurePrice>
      <AllowDiscount>1</AllowDiscount>
      <ItemStatus>1</ItemStatus>
    </Item>
    <Item>
      <PriceUpdateDate>2020-10-14 09:10</PriceUpdateDate>
      <ItemCode>4800888209382</ItemCode>
      <ItemType>1</ItemType>
      <ItemName>דאו.רקסונה אינביזיבל50מ</ItemName>
      <ManufacturerName>יוניליוור</ManufacturerName>
      <ManufactureCountry>PH</ManufactureCountry>
      <ManufacturerItemDescription>דאודורנט רקסונה</ManufacturerItemDescription>
      <UnitQty>מיליליטרים</UnitQty>
      <Quantity>50.00</Quantity>
      <bIsWeighted>0</bIsWeighted>
      <UnitOfMeasure>100 מ"ל</UnitOfMeasure>
      <QtyInPackage>1</QtyInPackage>
      <ItemPrice>14.90</ItemPrice>
      <UnitOfMeasurePrice>29.80</UnitOfMeasurePrice>
      <AllowDiscount>1</AllowDiscount>
      <ItemStatus>1</ItemStatus>
    </Item>
    <Item>
      <PriceUpdateDate>2020-10-14 09:10</PriceUpdateDate>
      <ItemCode>4800888209405</ItemCode>
      <ItemType>1</ItemType>
      <ItemName>דאו.רקסונה סטיק קובלט 50</ItemName>
      <ManufacturerName>יוניליוור</ManufacturerName>
      <ManufactureCountry>PH</ManufactureCountry>
      <ManufacturerItemDescription>דאודורנט רקסונה</ManufacturerItemDescription>
      <UnitQty>גרמים</UnitQty>
      <Quantity>50.00</Quantity>
      <bIsWeighted>0</bIsWeighted>
      <UnitOfMeasure>100 גרם</UnitOfMeasure>
      <QtyInPackage>1</QtyInPackage>
      <ItemPrice>14.90</ItemPrice>
      <UnitOfMeasurePrice>29.80</UnitOfMeasurePrice>
      <AllowDiscount>1</AllowDiscount>
      <ItemStatus>1</ItemStatus>
    </Item>
    <Item>
      <PriceUpdateDate>2020-10-14 09:10</PriceUpdateDate>
      <ItemCode>4800888209429</ItemCode>
      <ItemType>1</ItemType>
      <ItemName>דאו.רקסונה סטיק כותנה 50</ItemName>
      <ManufacturerName>יוניליוור</ManufacturerName>
      <ManufactureCountry>PH</ManufactureCountry>
      <ManufacturerItemDescription>דאודורנט רקסונה</ManufacturerItemDescription>
      <UnitQty>גרמים</UnitQty>
      <Quantity>50.00</Quantity>
      <bIsWeighted>0</bIsWeighted>
      <UnitOfMeasure>100 גרם</UnitOfMeasure>
      <QtyInPackage>1</QtyInPackage>
      <ItemPrice>14.90</ItemPrice>
      <UnitOfMeasurePrice>29.80</UnitOfMeasurePrice>
      <AllowDiscount>1</AllowDiscount>
      <ItemStatus>1</ItemStatus>
    </Item>
    <Item>
      <PriceUpdateDate>2020-10-14 09:10</PriceUpdateDate>
      <ItemCode>4800888209436</ItemCode>
      <ItemType>1</ItemType>
      <ItemName>דאו.רקסונה סטיק טלק 50 ג</ItemName>
      <ManufacturerName>יוניליוור</ManufacturerName>
      <ManufactureCountry>PH</ManufactureCountry>
      <ManufacturerItemDescription>דאודורנט רקסונה</ManufacturerItemDescription>
      <UnitQty>גרמים</UnitQty>
      <Quantity>50.00</Quantity>
      <bIsWeighted>0</bIsWeighted>
      <UnitOfMeasure>100 גרם</UnitOfMeasure>
      <QtyInPackage>1</QtyInPackage>
      <ItemPrice>14.90</ItemPrice>
      <UnitOfMeasurePrice>29.80</UnitOfMeasurePrice>
      <AllowDiscount>1</AllowDiscount>
      <ItemStatus>1</ItemStatus>
    </Item>
    <Item>
      <PriceUpdateDate>2020-10-10 21:00</PriceUpdateDate>
      <ItemCode>4891228308025</ItemCode>
      <ItemType>1</ItemType>
      <ItemName>היידרו סילק ידית4+סכינים</ItemName>
      <ManufacturerName>ארץ ייצור סכינים: ארהבn\</ManufacturerName>
      <ManufactureCountry>US</ManufactureCountry>
      <ManufacturerItemDescription>היידרו סילק מארז</ManufacturerItemDescription>
      <UnitQty>יחידה</UnitQty>
      <Quantity>1.00</Quantity>
      <bIsWeighted>0</bIsWeighted>
      <UnitOfMeasure>יחידה</UnitOfMeasure>
      <QtyInPackage>1</QtyInPackage>
      <ItemPrice>49.90</ItemPrice>
      <UnitOfMeasurePrice>49.90</UnitOfMeasurePrice>
      <AllowDiscount>1</AllowDiscount>
      <ItemStatus>1</ItemStatus>
    </Item>
    <Item>
      <PriceUpdateDate>2020-10-10 21:00</PriceUpdateDate>
      <ItemCode>4891228308049</ItemCode>
      <ItemType>1</ItemType>
      <ItemName>הידרו ידית+ 7 סכינים גבר</ItemName>
      <ManufacturerName>ארץ ייצור סכינים: ארהבn\</ManufacturerName>
      <ManufactureCountry>US</ManufactureCountry>
      <ManufacturerItemDescription>הידרו מארז גילוח</ManufacturerItemDescription>
      <UnitQty>יחידה</UnitQty>
      <Quantity>1.00</Quantity>
      <bIsWeighted>0</bIsWeighted>
      <UnitOfMeasure>יחידה</UnitOfMeasure>
      <QtyInPackage>1</QtyInPackage>
      <ItemPrice>64.90</ItemPrice>
      <UnitOfMeasurePrice>64.90</UnitOfMeasurePrice>
      <AllowDiscount>1</AllowDiscount>
      <ItemStatus>1</ItemStatus>
    </Item>
    <Item>
      <PriceUpdateDate>2020-01-20 00:14</PriceUpdateDate>
      <ItemCode>4891228430085</ItemCode>
      <ItemType>1</ItemType>
      <ItemName>4 סכיני גילוח אקסטרים3-</ItemName>
      <ManufacturerName>שיק</ManufacturerName>
      <ManufactureCountry>CN</ManufactureCountry>
      <ManufacturerItemDescription>סכיני גילוח</ManufacturerItemDescription>
      <UnitQty>יחידה</UnitQty>
      <Quantity>1.00</Quantity>
      <bIsWeighted>0</bIsWeighted>
      <UnitOfMeasure>יחידה</UnitOfMeasure>
      <QtyInPackage>0</QtyInPackage>
      <ItemPrice>19.90</ItemPrice>
      <UnitOfMeasurePrice>19.90</UnitOfMeasurePrice>
      <AllowDiscount>1</AllowDiscount>
      <ItemStatus>1</ItemStatus>
    </Item>
    <Item>
      <PriceUpdateDate>2020-01-20 00:14</PriceUpdateDate>
      <ItemCode>4891228430092</ItemCode>
      <ItemType>1</ItemType>
      <ItemName>4סכינ.גילוח אקסטרים3 אשה</ItemName>
      <ManufacturerName>שיק</ManufacturerName>
      <ManufactureCountry>CN</ManufactureCountry>
      <ManufacturerItemDescription>סכיני גילוח</ManufacturerItemDescription>
      <UnitQty>יחידה</UnitQty>
      <Quantity>1.00</Quantity>
      <bIsWeighted>0</bIsWeighted>
      <UnitOfMeasure>יחידה</UnitOfMeasure>
      <QtyInPackage>0</QtyInPackage>
      <ItemPrice>19.90</ItemPrice>
      <UnitOfMeasurePrice>19.90</UnitOfMeasurePrice>
      <AllowDiscount>1</AllowDiscount>
      <ItemStatus>1</ItemStatus>
    </Item>
    <Item>
      <PriceUpdateDate>2020-01-20 00:14</PriceUpdateDate>
      <ItemCode>4891228460242</ItemCode>
      <ItemType>1</ItemType>
      <ItemName>שיק קווטרו טיטניום נשים</ItemName>
      <ManufacturerName>שיק</ManufacturerName>
      <ManufactureCountry>CN</ManufactureCountry>
      <ManufacturerItemDescription>סכיני גילוח נשים</ManufacturerItemDescription>
      <UnitQty>יחידה</UnitQty>
      <Quantity>1.00</Quantity>
      <bIsWeighted>0</bIsWeighted>
      <UnitOfMeasure>יחידה</UnitOfMeasure>
      <QtyInPackage>0</QtyInPackage>
      <ItemPrice>29.90</ItemPrice>
      <UnitOfMeasurePrice>29.90</UnitOfMeasurePrice>
      <AllowDiscount>1</AllowDiscount>
      <ItemStatus>1</ItemStatus>
    </Item>
    <Item>
      <PriceUpdateDate>2020-08-31 15:38</PriceUpdateDate>
      <ItemCode>4902430599597</ItemCode>
      <ItemType>1</ItemType>
      <ItemName>מברשת GUM PRO THIN ULTRA</ItemName>
      <ManufacturerName>פרוקטר &amp; גמבל</ManufacturerName>
      <ManufactureCountry>IL</ManufactureCountry>
      <ManufacturerItemDescription>G PRO THIN ULTRA</ManufacturerItemDescription>
      <UnitQty>יחידה</UnitQty>
      <Quantity>1.00</Quantity>
      <bIsWeighted>0</bIsWeighted>
      <UnitOfMeasure>יחידה</UnitOfMeasure>
      <QtyInPackage>1</QtyInPackage>
      <ItemPrice>9.90</ItemPrice>
      <UnitOfMeasurePrice>9.90</UnitOfMeasurePrice>
      <AllowDiscount>1</AllowDiscount>
      <ItemStatus>1</ItemStatus>
    </Item>
    <Item>
      <PriceUpdateDate>2020-03-12 23:28</PriceUpdateDate>
      <ItemCode>4902430864596</ItemCode>
      <ItemType>1</ItemType>
      <ItemName>מברשות שיניים אורל בי</ItemName>
      <ManufacturerName>---</ManufacturerName>
      <ManufactureCountry>IN</ManufactureCountry>
      <ManufacturerItemDescription>מברשות שיניים</ManufacturerItemDescription>
      <UnitQty>יחידה</UnitQty>
      <Quantity>1.00</Quantity>
      <bIsWeighted>0</bIsWeighted>
      <UnitOfMeasure>יחידה</UnitOfMeasure>
      <QtyInPackage>1</QtyInPackage>
      <ItemPrice>16.90</ItemPrice>
      <UnitOfMeasurePrice>16.90</UnitOfMeasurePrice>
      <AllowDiscount>1</AllowDiscount>
      <ItemStatus>1</ItemStatus>
    </Item>
    <Item>
      <PriceUpdateDate>2020-03-27 05:39</PriceUpdateDate>
      <ItemCode>4902430905183</ItemCode>
      <ItemType>1</ItemType>
      <ItemName>מב.שיניים אורל בי ילדים</ItemName>
      <ManufacturerName>פארמה דיל</ManufacturerName>
      <ManufactureCountry>IL</ManufactureCountry>
      <ManufacturerItemDescription>מברשות שיניים</ManufacturerItemDescription>
      <UnitQty>יחידה</UnitQty>
      <Quantity>1.00</Quantity>
      <bIsWeighted>0</bIsWeighted>
      <UnitOfMeasure>יחידה</UnitOfMeasure>
      <QtyInPackage>1</QtyInPackage>
      <ItemPrice>17.90</ItemPrice>
      <UnitOfMeasurePrice>17.90</UnitOfMeasurePrice>
      <AllowDiscount>1</AllowDiscount>
      <ItemStatus>1</ItemStatus>
    </Item>
    <Item>
      <PriceUpdateDate>2020-03-27 05:39</PriceUpdateDate>
      <ItemCode>4902430909204</ItemCode>
      <ItemType>1</ItemType>
      <ItemName>מאך 3מארז אקווה4+ סכינים</ItemName>
      <ManufacturerName>פארמה דיל</ManufacturerName>
      <ManufactureCountry>IL</ManufactureCountry>
      <ManufacturerItemDescription>מאך 3מארז אקווה</ManufacturerItemDescription>
      <UnitQty>יחידה</UnitQty>
      <Quantity>1.00</Quantity>
      <bIsWeighted>0</bIsWeighted>
      <UnitOfMeasure>יחידה</UnitOfMeasure>
      <QtyInPackage>1</QtyInPackage>
      <ItemPrice>49.90</ItemPrice>
      <UnitOfMeasurePrice>49.90</UnitOfMeasurePrice>
      <AllowDiscount>1</AllowDiscount>
      <ItemStatus>1</ItemStatus>
    </Item>
    <Item>
      <PriceUpdateDate>2020-03-22 11:54</PriceUpdateDate>
      <ItemCode>5000146980322</ItemCode>
      <ItemType>1</ItemType>
      <ItemName>קרם הסרת שיער פרחים 100מ</ItemName>
      <ManufacturerName>רקיט בנקיזר</ManufacturerName>
      <ManufactureCountry>FR</ManufactureCountry>
      <ManufacturerItemDescription>קרם להסרת שיער</ManufacturerItemDescription>
      <UnitQty>מיליליטרים</UnitQty>
      <Quantity>100.00</Quantity>
      <bIsWeighted>0</bIsWeighted>
      <UnitOfMeasure>100 מ"ל</UnitOfMeasure>
      <QtyInPackage>0</QtyInPackage>
      <ItemPrice>40.90</ItemPrice>
      <UnitOfMeasurePrice>40.90</UnitOfMeasurePrice>
      <AllowDiscount>1</AllowDiscount>
      <ItemStatus>1</ItemStatus>
    </Item>
    <Item>
      <PriceUpdateDate>2020-01-20 00:09</PriceUpdateDate>
      <ItemCode>5000159376655</ItemCode>
      <ItemType>1</ItemType>
      <ItemName>סוכריות סקיטלס פירות38ג</ItemName>
      <ManufacturerName>ריגלי ממתקים</ManufacturerName>
      <ManufactureCountry>CZ</ManufactureCountry>
      <ManufacturerItemDescription>סוכריות סקיטלס</ManufacturerItemDescription>
      <UnitQty>גרמים</UnitQty>
      <Quantity>38.00</Quantity>
      <bIsWeighted>0</bIsWeighted>
      <UnitOfMeasure>100 גרם</UnitOfMeasure>
      <QtyInPackage>0</QtyInPackage>
      <ItemPrice>2.90</ItemPrice>
      <UnitOfMeasurePrice>7.63</UnitOfMeasurePrice>
      <AllowDiscount>1</AllowDiscount>
      <ItemStatus>1</ItemStatus>
    </Item>
    <Item>
      <PriceUpdateDate>2020-01-20 00:09</PriceUpdateDate>
      <ItemCode>5000159407236</ItemCode>
      <ItemType>1</ItemType>
      <ItemName>חטיף מרס 51 גרם</ItemName>
      <ManufacturerName>מרס הולנד בי.וי.</ManufacturerName>
      <ManufactureCountry>NL</ManufactureCountry>
      <ManufacturerItemDescription>חטיף מרס</ManufacturerItemDescription>
      <UnitQty>גרמים</UnitQty>
      <Quantity>51.00</Quantity>
      <bIsWeighted>0</bIsWeighted>
      <UnitOfMeasure>100 גרם</UnitOfMeasure>
      <QtyInPackage>0</QtyInPackage>
      <ItemPrice>3.90</ItemPrice>
      <UnitOfMeasurePrice>7.65</UnitOfMeasurePrice>
      <AllowDiscount>1</AllowDiscount>
      <ItemStatus>1</ItemStatus>
    </Item>
    <Item>
      <PriceUpdateDate>2020-10-10 21:30</PriceUpdateDate>
      <ItemCode>5000159452977</ItemCode>
      <ItemType>1</ItemType>
      <ItemName>מיני מיקס בשקית 400 גרם</ItemName>
      <ManufacturerName>מרס הולנד בי.וי.</ManufacturerName>
      <ManufactureCountry>NL</ManufactureCountry>
      <ManufacturerItemDescription>מיני מיקס</ManufacturerItemDescription>
      <UnitQty>גרמים</UnitQty>
      <Quantity>400.00</Quantity>
      <bIsWeighted>0</bIsWeighted>
      <UnitOfMeasure>100 גרם</UnitOfMeasure>
      <QtyInPackage>0</QtyInPackage>
      <ItemPrice>17.90</ItemPrice>
      <UnitOfMeasurePrice>4.48</UnitOfMeasurePrice>
      <AllowDiscount>1</AllowDiscount>
      <ItemStatus>1</ItemStatus>
    </Item>
    <Item>
      <PriceUpdateDate>2020-01-20 00:09</PriceUpdateDate>
      <ItemCode>5000159459228</ItemCode>
      <ItemType>1</ItemType>
      <ItemName>חטיף טוויקס 50 גרם</ItemName>
      <ManufacturerName>מרס</ManufacturerName>
      <ManufactureCountry>NL</ManufactureCountry>
      <ManufacturerItemDescription>חטיף טוויקס</ManufacturerItemDescription>
      <UnitQty>גרמים</UnitQty>
      <Quantity>50.00</Quantity>
      <bIsWeighted>0</bIsWeighted>
      <UnitOfMeasure>100 גרם</UnitOfMeasure>
      <QtyInPackage>0</QtyInPackage>
      <ItemPrice>3.90</ItemPrice>
      <UnitOfMeasurePrice>7.80</UnitOfMeasurePrice>
      <AllowDiscount>1</AllowDiscount>
      <ItemStatus>1</ItemStatus>
    </Item>
    <Item>
      <PriceUpdateDate>2020-01-20 00:09</PriceUpdateDate>
      <ItemCode>5000159461122</ItemCode>
      <ItemType>1</ItemType>
      <ItemName>חטיף סניקרס 50 גרם</ItemName>
      <ManufacturerName>מרס הולנד בי.וי.</ManufacturerName>
      <ManufactureCountry>NL</ManufactureCountry>
      <ManufacturerItemDescription>חטיף סניקרס</ManufacturerItemDescription>
      <UnitQty>גרמים</UnitQty>
      <Quantity>50.00</Quantity>
      <bIsWeighted>0</bIsWeighted>
      <UnitOfMeasure>100 גרם</UnitOfMeasure>
      <QtyInPackage>0</QtyInPackage>
      <ItemPrice>3.90</ItemPrice>
      <UnitOfMeasurePrice>7.80</UnitOfMeasurePrice>
      <AllowDiscount>1</AllowDiscount>
      <ItemStatus>1</ItemStatus>
    </Item>
    <Item>
      <PriceUpdateDate>2020-01-20 00:09</PriceUpdateDate>
      <ItemCode>5000159486972</ItemCode>
      <ItemType>1</ItemType>
      <ItemName>חטיף טוויקס וואייט 46גרם</ItemName>
      <ManufacturerName>מרס</ManufacturerName>
      <ManufactureCountry>DE</ManufactureCountry>
      <ManufacturerItemDescription>חטיף טוויקס</ManufacturerItemDescription>
      <UnitQty>גרמים</UnitQty>
      <Quantity>46.00</Quantity>
      <bIsWeighted>0</bIsWeighted>
      <UnitOfMeasure>100 גרם</UnitOfMeasure>
      <QtyInPackage>1</QtyInPackage>
      <ItemPrice>3.90</ItemPrice>
      <UnitOfMeasurePrice>8.48</UnitOfMeasurePrice>
      <AllowDiscount>1</AllowDiscount>
      <ItemStatus>1</ItemStatus>
    </Item>
    <Item>
      <PriceUpdateDate>2020-10-10 21:30</PriceUpdateDate>
      <ItemCode>5000159500692</ItemCode>
      <ItemType>1</ItemType>
      <ItemName>בונ.סלבריישן בקבוק 312גר</ItemName>
      <ManufacturerName>---</ManufacturerName>
      <ManufactureCountry>NL</ManufactureCountry>
      <ManufacturerItemDescription>בונבונ. סלבריישן</ManufacturerItemDescription>
      <UnitQty>גרמים</UnitQty>
      <Quantity>312.00</Quantity>
      <bIsWeighted>0</bIsWeighted>
      <UnitOfMeasure>100 גרם</UnitOfMeasure>
      <QtyInPackage>1</QtyInPackage>
      <ItemPrice>29.90</ItemPrice>
      <UnitOfMeasurePrice>9.58</UnitOfMeasurePrice>
      <AllowDiscount>1</AllowDiscount>
      <ItemStatus>1</ItemStatus>
    </Item>
    <Item>
      <PriceUpdateDate>2020-10-10 21:00</PriceUpdateDate>
      <ItemCode>5000204133509</ItemCode>
      <ItemType>1</ItemType>
      <ItemName>זיפלוק שקיות אחסון 19 יח</ItemName>
      <ManufacturerName>---</ManufacturerName>
      <ManufactureCountry>US</ManufactureCountry>
      <ManufacturerItemDescription>שקיות אחסון</ManufacturerItemDescription>
      <UnitQty>יחידה</UnitQty>
      <Quantity>1.00</Quantity>
      <bIsWeighted>0</bIsWeighted>
      <UnitOfMeasure>יחידה</UnitOfMeasure>
      <QtyInPackage>1</QtyInPackage>
      <ItemPrice>10.00</ItemPrice>
      <UnitOfMeasurePrice>10.00</UnitOfMeasurePrice>
      <AllowDiscount>1</AllowDiscount>
      <ItemStatus>1</ItemStatus>
    </Item>
    <Item>
      <PriceUpdateDate>2020-01-20 00:21</PriceUpdateDate>
      <ItemCode>5000207004172</ItemCode>
      <ItemType>1</ItemType>
      <ItemName>פדים להנקה ג'ונסון 30יח'</ItemName>
      <ManufacturerName>ג'ונסון</ManufacturerName>
      <ManufactureCountry>IT</ManufactureCountry>
      <ManufacturerItemDescription>רפידות הנקה</ManufacturerItemDescription>
      <UnitQty>יחידה</UnitQty>
      <Quantity>1.00</Quantity>
      <bIsWeighted>0</bIsWeighted>
      <UnitOfMeasure>יחידה</UnitOfMeasure>
      <QtyInPackage>0</QtyInPackage>
      <ItemPrice>23.90</ItemPrice>
      <UnitOfMeasurePrice>23.90</UnitOfMeasurePrice>
      <AllowDiscount>1</AllowDiscount>
      <ItemStatus>1</ItemStatus>
    </Item>
    <Item>
      <PriceUpdateDate>2020-01-20 00:14</PriceUpdateDate>
      <ItemCode>5000394002562</ItemCode>
      <ItemType>1</ItemType>
      <ItemName>4 סוללות דורסל AAאולטרה</ItemName>
      <ManufacturerName>דורסל</ManufacturerName>
      <ManufactureCountry>BE</ManufactureCountry>
      <ManufacturerItemDescription>סוללות דורסל</ManufacturerItemDescription>
      <UnitQty>יחידה</UnitQty>
      <Quantity>1.00</Quantity>
      <bIsWeighted>0</bIsWeighted>
      <UnitOfMeasure>יחידה</UnitOfMeasure>
      <QtyInPackage>1</QtyInPackage>
      <ItemPrice>19.90</ItemPrice>
      <UnitOfMeasurePrice>19.90</UnitOfMeasurePrice>
      <AllowDiscount>1</AllowDiscount>
      <ItemStatus>1</ItemStatus>
    </Item>
    <Item>
      <PriceUpdateDate>2020-03-22 11:54</PriceUpdateDate>
      <ItemCode>5000394017764</ItemCode>
      <ItemType>1</ItemType>
      <ItemName>8 סוללות דורסל AA</ItemName>
      <ManufacturerName>פרוקטר &amp; גמבל</ManufacturerName>
      <ManufactureCountry>IL</ManufactureCountry>
      <ManufacturerItemDescription>8 סוללות דורסל</ManufacturerItemDescription>
      <UnitQty>יחידה</UnitQty>
      <Quantity>1.00</Quantity>
      <bIsWeighted>0</bIsWeighted>
      <UnitOfMeasure>יחידה</UnitOfMeasure>
      <QtyInPackage>1</QtyInPackage>
      <ItemPrice>29.90</ItemPrice>
      <UnitOfMeasurePrice>29.90</UnitOfMeasurePrice>
      <AllowDiscount>1</AllowDiscount>
      <ItemStatus>1</ItemStatus>
    </Item>
    <Item>
      <PriceUpdateDate>2020-03-22 11:54</PriceUpdateDate>
      <ItemCode>5000394018549</ItemCode>
      <ItemType>1</ItemType>
      <ItemName>8 סוללות דורסל AAA</ItemName>
      <ManufacturerName>פרוקטר &amp; גמבל</ManufacturerName>
      <ManufactureCountry>IL</ManufactureCountry>
      <ManufacturerItemDescription>8 סוללות דורסל</ManufacturerItemDescription>
      <UnitQty>יחידה</UnitQty>
      <Quantity>1.00</Quantity>
      <bIsWeighted>0</bIsWeighted>
      <UnitOfMeasure>יחידה</UnitOfMeasure>
      <QtyInPackage>1</QtyInPackage>
      <ItemPrice>29.90</ItemPrice>
      <UnitOfMeasurePrice>29.90</UnitOfMeasurePrice>
      <AllowDiscount>1</AllowDiscount>
      <ItemStatus>1</ItemStatus>
    </Item>
    <Item>
      <PriceUpdateDate>2020-04-08 11:57</PriceUpdateDate>
      <ItemCode>5010123703547</ItemCode>
      <ItemType>1</ItemType>
      <ItemName>מי פה ליסטרין בורסט 500מ</ItemName>
      <ManufacturerName>ג'ונסון</ManufacturerName>
      <ManufactureCountry>IT</ManufactureCountry>
      <ManufacturerItemDescription>מי פה ליסטרין</ManufacturerItemDescription>
      <UnitQty>מיליליטרים</UnitQty>
      <Quantity>500.00</Quantity>
      <bIsWeighted>0</bIsWeighted>
      <UnitOfMeasure>100 מ"ל</UnitOfMeasure>
      <QtyInPackage>1</QtyInPackage>
      <ItemPrice>29.90</ItemPrice>
      <UnitOfMeasurePrice>5.98</UnitOfMeasurePrice>
      <AllowDiscount>1</AllowDiscount>
      <ItemStatus>1</ItemStatus>
    </Item>
    <Item>
      <PriceUpdateDate>2020-04-08 11:57</PriceUpdateDate>
      <ItemCode>5010123703585</ItemCode>
      <ItemType>1</ItemType>
      <ItemName>ליסטרין קול מינט 500 מ"ל</ItemName>
      <ManufacturerName>ג'ונסון</ManufacturerName>
      <ManufactureCountry>IT</ManufactureCountry>
      <ManufacturerItemDescription>מי פה ליסטרין</ManufacturerItemDescription>
      <UnitQty>מיליליטרים</UnitQty>
      <Quantity>500.00</Quantity>
      <bIsWeighted>0</bIsWeighted>
      <UnitOfMeasure>100 מ"ל</UnitOfMeasure>
      <QtyInPackage>1</QtyInPackage>
      <ItemPrice>29.90</ItemPrice>
      <UnitOfMeasurePrice>5.98</UnitOfMeasurePrice>
      <AllowDiscount>1</AllowDiscount>
      <ItemStatus>1</ItemStatus>
    </Item>
    <Item>
      <PriceUpdateDate>2020-01-20 00:21</PriceUpdateDate>
      <ItemCode>5010415211163</ItemCode>
      <ItemType>1</ItemType>
      <ItemName>טבעי מברשת לבקבוק</ItemName>
      <ManufacturerName>הכי טבעי-הנסיך</ManufacturerName>
      <ManufactureCountry>IL</ManufactureCountry>
      <ManufacturerItemDescription>טבעי מברשת לבקבו</ManufacturerItemDescription>
      <UnitQty>יחידה</UnitQty>
      <Quantity>1.00</Quantity>
      <bIsWeighted>0</bIsWeighted>
      <UnitOfMeasure>יחידה</UnitOfMeasure>
      <QtyInPackage>0</QtyInPackage>
      <ItemPrice>49.90</ItemPrice>
      <UnitOfMeasurePrice>49.90</UnitOfMeasurePrice>
      <AllowDiscount>1</AllowDiscount>
      <ItemStatus>1</ItemStatus>
    </Item>
    <Item>
      <PriceUpdateDate>2020-01-31 05:46</PriceUpdateDate>
      <ItemCode>5010415211200</ItemCode>
      <ItemType>1</ItemType>
      <ItemName>פיטמות ש1.</ItemName>
      <ManufacturerName>כללי</ManufacturerName>
      <ManufactureCountry />
      <ManufacturerItemDescription>פיטמות ש1.</ManufacturerItemDescription>
      <UnitQty>יחידה</UnitQty>
      <Quantity>1.00</Quantity>
      <bIsWeighted>0</bIsWeighted>
      <UnitOfMeasure>יחידה</UnitOfMeasure>
      <QtyInPackage>0</QtyInPackage>
      <ItemPrice>27.00</ItemPrice>
      <UnitOfMeasurePrice>27.00</UnitOfMeasurePrice>
      <AllowDiscount>1</AllowDiscount>
      <ItemStatus>1</ItemStatus>
    </Item>
    <Item>
      <PriceUpdateDate>2020-01-20 00:21</PriceUpdateDate>
      <ItemCode>5010415332363</ItemCode>
      <ItemType>1</ItemType>
      <ItemName>טומי טיפי מוצץ זוג בלון</ItemName>
      <ManufacturerName>טומי טיפי</ManufacturerName>
      <ManufactureCountry>IL</ManufactureCountry>
      <ManufacturerItemDescription>טומי טיפי מוצץ ז</ManufacturerItemDescription>
      <UnitQty>יחידה</UnitQty>
      <Quantity>1.00</Quantity>
      <bIsWeighted>0</bIsWeighted>
      <UnitOfMeasure>יחידה</UnitOfMeasure>
      <QtyInPackage>0</QtyInPackage>
      <ItemPrice>29.90</ItemPrice>
      <UnitOfMeasurePrice>29.90</UnitOfMeasurePrice>
      <AllowDiscount>1</AllowDiscount>
      <ItemStatus>1</ItemStatus>
    </Item>
    <Item>
      <PriceUpdateDate>2020-01-20 00:21</PriceUpdateDate>
      <ItemCode>5010415332387</ItemCode>
      <ItemType>1</ItemType>
      <ItemName>טומי טיפי מוצץ זוג בלון</ItemName>
      <ManufacturerName>טומי טיפי</ManufacturerName>
      <ManufactureCountry>IL</ManufactureCountry>
      <ManufacturerItemDescription>טומי טיפי מוצץ ז</ManufacturerItemDescription>
      <UnitQty>יחידה</UnitQty>
      <Quantity>1.00</Quantity>
      <bIsWeighted>0</bIsWeighted>
      <UnitOfMeasure>יחידה</UnitOfMeasure>
      <QtyInPackage>0</QtyInPackage>
      <ItemPrice>29.90</ItemPrice>
      <UnitOfMeasurePrice>29.90</UnitOfMeasurePrice>
      <AllowDiscount>1</AllowDiscount>
      <ItemStatus>1</ItemStatus>
    </Item>
    <Item>
      <PriceUpdateDate>2020-01-20 00:21</PriceUpdateDate>
      <ItemCode>5010415333612</ItemCode>
      <ItemType>1</ItemType>
      <ItemName>טבעי מוצצים מעוצבים2* 0+</ItemName>
      <ManufacturerName>הכי טבעי-הנסיך</ManufacturerName>
      <ManufactureCountry>IL</ManufactureCountry>
      <ManufacturerItemDescription>טבעי מוצצים מעוצ</ManufacturerItemDescription>
      <UnitQty>יחידה</UnitQty>
      <Quantity>1.00</Quantity>
      <bIsWeighted>0</bIsWeighted>
      <UnitOfMeasure>יחידה</UnitOfMeasure>
      <QtyInPackage>0</QtyInPackage>
      <ItemPrice>39.90</ItemPrice>
      <UnitOfMeasurePrice>39.90</UnitOfMeasurePrice>
      <AllowDiscount>1</AllowDiscount>
      <ItemStatus>1</ItemStatus>
    </Item>
    <Item>
      <PriceUpdateDate>2020-01-20 00:21</PriceUpdateDate>
      <ItemCode>5010415334046</ItemCode>
      <ItemType>1</ItemType>
      <ItemName>טומי טיפי מוצצים 36 בנות</ItemName>
      <ManufacturerName>הכי טבעי-הנסיך</ManufacturerName>
      <ManufactureCountry>IL</ManufactureCountry>
      <ManufacturerItemDescription>טומי טיפי מוצצים</ManufacturerItemDescription>
      <UnitQty>יחידה</UnitQty>
      <Quantity>1.00</Quantity>
      <bIsWeighted>0</bIsWeighted>
      <UnitOfMeasure>יחידה</UnitOfMeasure>
      <QtyInPackage>0</QtyInPackage>
      <ItemPrice>39.90</ItemPrice>
      <UnitOfMeasurePrice>39.90</UnitOfMeasurePrice>
      <AllowDiscount>1</AllowDiscount>
      <ItemStatus>1</ItemStatus>
    </Item>
    <Item>
      <PriceUpdateDate>2020-01-20 00:21</PriceUpdateDate>
      <ItemCode>5010415334053</ItemCode>
      <ItemType>1</ItemType>
      <ItemName>טומי טיפי מוצצים 36 בנים</ItemName>
      <ManufacturerName>הכי טבעי-הנסיך</ManufacturerName>
      <ManufactureCountry>IL</ManufactureCountry>
      <ManufacturerItemDescription>טומי טיפי מוצצים</ManufacturerItemDescription>
      <UnitQty>יחידה</UnitQty>
      <Quantity>1.00</Quantity>
      <bIsWeighted>0</bIsWeighted>
      <UnitOfMeasure>יחידה</UnitOfMeasure>
      <QtyInPackage>0</QtyInPackage>
      <ItemPrice>39.90</ItemPrice>
      <UnitOfMeasurePrice>39.90</UnitOfMeasurePrice>
      <AllowDiscount>1</AllowDiscount>
      <ItemStatus>1</ItemStatus>
    </Item>
    <Item>
      <PriceUpdateDate>2020-01-20 00:21</PriceUpdateDate>
      <ItemCode>5010415334138</ItemCode>
      <ItemType>1</ItemType>
      <ItemName>טבעי מוצצים 2*18-36</ItemName>
      <ManufacturerName>הכי טבעי-הנסיך</ManufacturerName>
      <ManufactureCountry>IL</ManufactureCountry>
      <ManufacturerItemDescription>טבעי מוצצים 18-3</ManufacturerItemDescription>
      <UnitQty>יחידה</UnitQty>
      <Quantity>1.00</Quantity>
      <bIsWeighted>0</bIsWeighted>
      <UnitOfMeasure>יחידה</UnitOfMeasure>
      <QtyInPackage>0</QtyInPackage>
      <ItemPrice>39.90</ItemPrice>
      <UnitOfMeasurePrice>39.90</UnitOfMeasurePrice>
      <AllowDiscount>1</AllowDiscount>
      <ItemStatus>1</ItemStatus>
    </Item>
    <Item>
      <PriceUpdateDate>2020-01-20 00:21</PriceUpdateDate>
      <ItemCode>5010415460196</ItemCode>
      <ItemType>1</ItemType>
      <ItemName>הכי טבעי ידיות לבקבוק</ItemName>
      <ManufacturerName>הכי טבעי-הנסיך</ManufacturerName>
      <ManufactureCountry>IL</ManufactureCountry>
      <ManufacturerItemDescription>הכי טבעי ידיות ל</ManufacturerItemDescription>
      <UnitQty>יחידה</UnitQty>
      <Quantity>1.00</Quantity>
      <bIsWeighted>0</bIsWeighted>
      <UnitOfMeasure>יחידה</UnitOfMeasure>
      <QtyInPackage>0</QtyInPackage>
      <ItemPrice>44.90</ItemPrice>
      <UnitOfMeasurePrice>44.90</UnitOfMeasurePrice>
      <AllowDiscount>1</AllowDiscount>
      <ItemStatus>1</ItemStatus>
    </Item>
    <Item>
      <PriceUpdateDate>2020-01-20 00:14</PriceUpdateDate>
      <ItemCode>5010622005012</ItemCode>
      <ItemType>1</ItemType>
      <ItemName>חוט אורל בי ללא שעווה 50</ItemName>
      <ManufacturerName>פרוקטר אנד גמבל</ManufacturerName>
      <ManufactureCountry>IE</ManufactureCountry>
      <ManufacturerItemDescription>חוט דנטלי</ManufacturerItemDescription>
      <UnitQty>מטרים</UnitQty>
      <Quantity>50.00</Quantity>
      <bIsWeighted>0</bIsWeighted>
      <UnitOfMeasure>מטר</UnitOfMeasure>
      <QtyInPackage>0</QtyInPackage>
      <ItemPrice>17.90</ItemPrice>
      <UnitOfMeasurePrice>0.36</UnitOfMeasurePrice>
      <AllowDiscount>1</AllowDiscount>
      <ItemStatus>1</ItemStatus>
    </Item>
    <Item>
      <PriceUpdateDate>2020-01-20 00:14</PriceUpdateDate>
      <ItemCode>5010622018258</ItemCode>
      <ItemType>1</ItemType>
      <ItemName>אורלB- חוט דנטלי סאטין</ItemName>
      <ManufacturerName>פרוקטר &amp; גמבל</ManufacturerName>
      <ManufactureCountry>IE</ManufactureCountry>
      <ManufacturerItemDescription>חוט דנטלי אורלB-</ManufacturerItemDescription>
      <UnitQty>מטרים</UnitQty>
      <Quantity>25.00</Quantity>
      <bIsWeighted>0</bIsWeighted>
      <UnitOfMeasure>מטר</UnitOfMeasure>
      <QtyInPackage>0</QtyInPackage>
      <ItemPrice>20.90</ItemPrice>
      <UnitOfMeasurePrice>0.84</UnitOfMeasurePrice>
      <AllowDiscount>1</AllowDiscount>
      <ItemStatus>1</ItemStatus>
    </Item>
    <Item>
      <PriceUpdateDate>2020-01-20 00:14</PriceUpdateDate>
      <ItemCode>5011408002270</ItemCode>
      <ItemType>1</ItemType>
      <ItemName>אלנט ספריי שיער נורמל200</ItemName>
      <ManufacturerName>SOPROCOS</ManufacturerName>
      <ManufactureCountry>FR</ManufactureCountry>
      <ManufacturerItemDescription>אלנט ספריי לשיער</ManufacturerItemDescription>
      <UnitQty>מיליליטרים</UnitQty>
      <Quantity>200.00</Quantity>
      <bIsWeighted>0</bIsWeighted>
      <UnitOfMeasure>100 מ"ל</UnitOfMeasure>
      <QtyInPackage>0</QtyInPackage>
      <ItemPrice>39.90</ItemPrice>
      <UnitOfMeasurePrice>19.95</UnitOfMeasurePrice>
      <AllowDiscount>1</AllowDiscount>
      <ItemStatus>1</ItemStatus>
    </Item>
    <Item>
      <PriceUpdateDate>2020-01-20 00:14</PriceUpdateDate>
      <ItemCode>5011408017526</ItemCode>
      <ItemType>1</ItemType>
      <ItemName>אלנט ספריי חזק מאוד</ItemName>
      <ManufacturerName>SOPROCOS</ManufacturerName>
      <ManufactureCountry>FR</ManufactureCountry>
      <ManufacturerItemDescription>אלנט ספריי חזק מ</ManufacturerItemDescription>
      <UnitQty>מיליליטרים</UnitQty>
      <Quantity>200.00</Quantity>
      <bIsWeighted>0</bIsWeighted>
      <UnitOfMeasure>100 מ"ל</UnitOfMeasure>
      <QtyInPackage>0</QtyInPackage>
      <ItemPrice>39.90</ItemPrice>
      <UnitOfMeasurePrice>19.95</UnitOfMeasurePrice>
      <AllowDiscount>1</AllowDiscount>
      <ItemStatus>1</ItemStatus>
    </Item>
    <Item>
      <PriceUpdateDate>2020-10-10 20:20</PriceUpdateDate>
      <ItemCode>5011408040791</ItemCode>
      <ItemType>1</ItemType>
      <ItemName>REVITALIFT קרם לילה</ItemName>
      <ManufacturerName>קרלסרו, גרמניה</ManufacturerName>
      <ManufactureCountry>DE</ManufactureCountry>
      <ManufacturerItemDescription>REVITALIFT קרם</ManufacturerItemDescription>
      <UnitQty>מיליליטרים</UnitQty>
      <Quantity>50.00</Quantity>
      <bIsWeighted>0</bIsWeighted>
      <UnitOfMeasure>100 מ"ל</UnitOfMeasure>
      <QtyInPackage>0</QtyInPackage>
      <ItemPrice>50.00</ItemPrice>
      <UnitOfMeasurePrice>100.00</UnitOfMeasurePrice>
      <AllowDiscount>1</AllowDiscount>
      <ItemStatus>1</ItemStatus>
    </Item>
    <Item>
      <PriceUpdateDate>2020-04-26 12:20</PriceUpdateDate>
      <ItemCode>5012251012256</ItemCode>
      <ItemType>1</ItemType>
      <ItemName>תרחיץ דטוקס לפנים 150 מ"</ItemName>
      <ManufacturerName>DRAMMOCK</ManufacturerName>
      <ManufactureCountry>GB</ManufactureCountry>
      <ManufacturerItemDescription>תרחיץ דטוקס לפני</ManufacturerItemDescription>
      <UnitQty>מיליליטרים</UnitQty>
      <Quantity>150.00</Quantity>
      <bIsWeighted>0</bIsWeighted>
      <UnitOfMeasure>100 מ"ל</UnitOfMeasure>
      <QtyInPackage>1</QtyInPackage>
      <ItemPrice>14.90</ItemPrice>
      <UnitOfMeasurePrice>9.93</UnitOfMeasurePrice>
      <AllowDiscount>1</AllowDiscount>
      <ItemStatus>1</ItemStatus>
    </Item>
    <Item>
      <PriceUpdateDate>2020-01-20 00:14</PriceUpdateDate>
      <ItemCode>5012251012522</ItemCode>
      <ItemType>1</ItemType>
      <ItemName>מגבוני פנים פחם 25 יח'</ItemName>
      <ManufacturerName>DRAMMOCK</ManufacturerName>
      <ManufactureCountry>GB</ManufactureCountry>
      <ManufacturerItemDescription>מגבוני פנים פחם</ManufacturerItemDescription>
      <UnitQty>יחידה</UnitQty>
      <Quantity>1.00</Quantity>
      <bIsWeighted>0</bIsWeighted>
      <UnitOfMeasure>יחידה</UnitOfMeasure>
      <QtyInPackage>1</QtyInPackage>
      <ItemPrice>14.90</ItemPrice>
      <UnitOfMeasurePrice>14.90</UnitOfMeasurePrice>
      <AllowDiscount>1</AllowDiscount>
      <ItemStatus>1</ItemStatus>
    </Item>
    <Item>
      <PriceUpdateDate>2020-10-10 20:20</PriceUpdateDate>
      <ItemCode>5013965948428</ItemCode>
      <ItemType>1</ItemType>
      <ItemName>אורל בי פרואקספרט מנטה75</ItemName>
      <ManufacturerName>פרוקטר אנד גמבל</ManufacturerName>
      <ManufactureCountry>DE</ManufactureCountry>
      <ManufacturerItemDescription>משחת אורל בי</ManufacturerItemDescription>
      <UnitQty>מיליליטרים</UnitQty>
      <Quantity>75.00</Quantity>
      <bIsWeighted>0</bIsWeighted>
      <UnitOfMeasure>100 מ"ל</UnitOfMeasure>
      <QtyInPackage>1</QtyInPackage>
      <ItemPrice>11.90</ItemPrice>
      <UnitOfMeasurePrice>15.86</UnitOfMeasurePrice>
      <AllowDiscount>1</AllowDiscount>
      <ItemStatus>1</ItemStatus>
    </Item>
    <Item>
      <PriceUpdateDate>2020-01-20 00:21</PriceUpdateDate>
      <ItemCode>5029053019598</ItemCode>
      <ItemType>1</ItemType>
      <ItemName>קלינקס מגבוני אף 15יח</ItemName>
      <ManufacturerName>חוגלה קימברלי</ManufacturerName>
      <ManufactureCountry>IT</ManufactureCountry>
      <ManufacturerItemDescription>מגבוני אף דיסני</ManufacturerItemDescription>
      <UnitQty>יחידה</UnitQty>
      <Quantity>1.00</Quantity>
      <bIsWeighted>0</bIsWeighted>
      <UnitOfMeasure>יחידה</UnitOfMeasure>
      <QtyInPackage>1</QtyInPackage>
      <ItemPrice>17.90</ItemPrice>
      <UnitOfMeasurePrice>17.90</UnitOfMeasurePrice>
      <AllowDiscount>1</AllowDiscount>
      <ItemStatus>1</ItemStatus>
    </Item>
    <Item>
      <PriceUpdateDate>2020-01-20 00:21</PriceUpdateDate>
      <ItemCode>5029053019659</ItemCode>
      <ItemType>1</ItemType>
      <ItemName>קלינקס ממחטות דיסני56יח</ItemName>
      <ManufacturerName>חוגלה קימברלי</ManufacturerName>
      <ManufactureCountry>GB</ManufactureCountry>
      <ManufacturerItemDescription>קלינקס דיסני</ManufacturerItemDescription>
      <UnitQty>יחידה</UnitQty>
      <Quantity>1.00</Quantity>
      <bIsWeighted>0</bIsWeighted>
      <UnitOfMeasure>יחידה</UnitOfMeasure>
      <QtyInPackage>1</QtyInPackage>
      <ItemPrice>9.90</ItemPrice>
      <UnitOfMeasurePrice>9.90</UnitOfMeasurePrice>
      <AllowDiscount>1</AllowDiscount>
      <ItemStatus>1</ItemStatus>
    </Item>
    <Item>
      <PriceUpdateDate>2020-01-20 00:21</PriceUpdateDate>
      <ItemCode>5029053032658</ItemCode>
      <ItemType>1</ItemType>
      <ItemName>ממחטות קלינקס 9*8 יחידות</ItemName>
      <ManufacturerName>חוגלה קימברלי</ManufacturerName>
      <ManufactureCountry>IT</ManufactureCountry>
      <ManufacturerItemDescription>קלינקס שמיניה</ManufacturerItemDescription>
      <UnitQty>יחידה</UnitQty>
      <Quantity>1.00</Quantity>
      <bIsWeighted>0</bIsWeighted>
      <UnitOfMeasure>יחידה</UnitOfMeasure>
      <QtyInPackage>1</QtyInPackage>
      <ItemPrice>7.90</ItemPrice>
      <UnitOfMeasurePrice>7.90</UnitOfMeasurePrice>
      <AllowDiscount>1</AllowDiscount>
      <ItemStatus>1</ItemStatus>
    </Item>
    <Item>
      <PriceUpdateDate>2020-10-10 21:00</PriceUpdateDate>
      <ItemCode>5029053510811</ItemCode>
      <ItemType>1</ItemType>
      <ItemName>קוטקס תחבושות נורמל</ItemName>
      <ManufacturerName>קימברלי קלארק</ManufacturerName>
      <ManufactureCountry>CZ</ManufactureCountry>
      <ManufacturerItemDescription>תחבושות קוטקס</ManufacturerItemDescription>
      <UnitQty>יחידה</UnitQty>
      <Quantity>1.00</Quantity>
      <bIsWeighted>0</bIsWeighted>
      <UnitOfMeasure>יחידה</UnitOfMeasure>
      <QtyInPackage>0</QtyInPackage>
      <ItemPrice>17.90</ItemPrice>
      <UnitOfMeasurePrice>17.90</UnitOfMeasurePrice>
      <AllowDiscount>1</AllowDiscount>
      <ItemStatus>1</ItemStatus>
    </Item>
    <Item>
      <PriceUpdateDate>2020-10-10 21:00</PriceUpdateDate>
      <ItemCode>5029053510828</ItemCode>
      <ItemType>1</ItemType>
      <ItemName>קוטקס תחבושות סופר</ItemName>
      <ManufacturerName>קימברלי קלארק</ManufacturerName>
      <ManufactureCountry>CZ</ManufactureCountry>
      <ManufacturerItemDescription>תחבושות קוטקס</ManufacturerItemDescription>
      <UnitQty>יחידה</UnitQty>
      <Quantity>1.00</Quantity>
      <bIsWeighted>0</bIsWeighted>
      <UnitOfMeasure>יחידה</UnitOfMeasure>
      <QtyInPackage>0</QtyInPackage>
      <ItemPrice>17.90</ItemPrice>
      <UnitOfMeasurePrice>17.90</UnitOfMeasurePrice>
      <AllowDiscount>1</AllowDiscount>
      <ItemStatus>1</ItemStatus>
    </Item>
    <Item>
      <PriceUpdateDate>2020-10-10 21:00</PriceUpdateDate>
      <ItemCode>5029053523446</ItemCode>
      <ItemType>1</ItemType>
      <ItemName>קוטקס תחבושות נייט</ItemName>
      <ManufacturerName>קימברלי קלארק</ManufacturerName>
      <ManufactureCountry>CZ</ManufactureCountry>
      <ManufacturerItemDescription>תחבושות קוטקס</ManufacturerItemDescription>
      <UnitQty>יחידה</UnitQty>
      <Quantity>1.00</Quantity>
      <bIsWeighted>0</bIsWeighted>
      <UnitOfMeasure>יחידה</UnitOfMeasure>
      <QtyInPackage>0</QtyInPackage>
      <ItemPrice>17.90</ItemPrice>
      <UnitOfMeasurePrice>17.90</UnitOfMeasurePrice>
      <AllowDiscount>1</AllowDiscount>
      <ItemStatus>1</ItemStatus>
    </Item>
    <Item>
      <PriceUpdateDate>2020-01-20 00:21</PriceUpdateDate>
      <ItemCode>5029053527581</ItemCode>
      <ItemType>1</ItemType>
      <ItemName>10תח.ספיגה לילה בנות4-7</ItemName>
      <ManufacturerName>חוגלה קימברלי</ManufacturerName>
      <ManufactureCountry>CZ</ManufactureCountry>
      <ManufacturerItemDescription>10 תחתוני ספיגה</ManufacturerItemDescription>
      <UnitQty>יחידה</UnitQty>
      <Quantity>1.00</Quantity>
      <bIsWeighted>0</bIsWeighted>
      <UnitOfMeasure>יחידה</UnitOfMeasure>
      <QtyInPackage>0</QtyInPackage>
      <ItemPrice>35.90</ItemPrice>
      <UnitOfMeasurePrice>35.90</UnitOfMeasurePrice>
      <AllowDiscount>1</AllowDiscount>
      <ItemStatus>1</ItemStatus>
    </Item>
    <Item>
      <PriceUpdateDate>2020-01-20 00:21</PriceUpdateDate>
      <ItemCode>5029053527598</ItemCode>
      <ItemType>1</ItemType>
      <ItemName>9תח.ספיגה לילה בנים8-15</ItemName>
      <ManufacturerName>חוגלה קימברלי</ManufacturerName>
      <ManufactureCountry>CZ</ManufactureCountry>
      <ManufacturerItemDescription>תחתוני ספיגה האג</ManufacturerItemDescription>
      <UnitQty>יחידה</UnitQty>
      <Quantity>1.00</Quantity>
      <bIsWeighted>0</bIsWeighted>
      <UnitOfMeasure>יחידה</UnitOfMeasure>
      <QtyInPackage>0</QtyInPackage>
      <ItemPrice>35.90</ItemPrice>
      <UnitOfMeasurePrice>35.90</UnitOfMeasurePrice>
      <AllowDiscount>1</AllowDiscount>
      <ItemStatus>1</ItemStatus>
    </Item>
    <Item>
      <PriceUpdateDate>2020-01-20 00:14</PriceUpdateDate>
      <ItemCode>5029053534589</ItemCode>
      <ItemType>1</ItemType>
      <ItemName>32 טמפוני קוטקס מיני</ItemName>
      <ManufacturerName>קימברלי קלארק</ManufacturerName>
      <ManufactureCountry>CZ</ManufactureCountry>
      <ManufacturerItemDescription>טמפוני קוטקס</ManufacturerItemDescription>
      <UnitQty>יחידה</UnitQty>
      <Quantity>1.00</Quantity>
      <bIsWeighted>0</bIsWeighted>
      <UnitOfMeasure>יחידה</UnitOfMeasure>
      <QtyInPackage>0</QtyInPackage>
      <ItemPrice>26.90</ItemPrice>
      <UnitOfMeasurePrice>26.90</UnitOfMeasurePrice>
      <AllowDiscount>1</AllowDiscount>
      <ItemStatus>1</ItemStatus>
    </Item>
    <Item>
      <PriceUpdateDate>2020-01-20 00:14</PriceUpdateDate>
      <ItemCode>5029053534602</ItemCode>
      <ItemType>1</ItemType>
      <ItemName>32 טמפוני קוטקס סופר</ItemName>
      <ManufacturerName>קימברלי קלארק</ManufacturerName>
      <ManufactureCountry>CZ</ManufactureCountry>
      <ManufacturerItemDescription>טמפוני קוטקס</ManufacturerItemDescription>
      <UnitQty>יחידה</UnitQty>
      <Quantity>1.00</Quantity>
      <bIsWeighted>0</bIsWeighted>
      <UnitOfMeasure>יחידה</UnitOfMeasure>
      <QtyInPackage>0</QtyInPackage>
      <ItemPrice>26.90</ItemPrice>
      <UnitOfMeasurePrice>26.90</UnitOfMeasurePrice>
      <AllowDiscount>1</AllowDiscount>
      <ItemStatus>1</ItemStatus>
    </Item>
    <Item>
      <PriceUpdateDate>2020-01-20 00:14</PriceUpdateDate>
      <ItemCode>5029053535210</ItemCode>
      <ItemType>1</ItemType>
      <ItemName>16טמפונ.קוטקס מוליך מיני</ItemName>
      <ManufacturerName>קימברלי קלארק</ManufacturerName>
      <ManufactureCountry>CZ</ManufactureCountry>
      <ManufacturerItemDescription>טמפוני קוטקס</ManufacturerItemDescription>
      <UnitQty>יחידה</UnitQty>
      <Quantity>1.00</Quantity>
      <bIsWeighted>0</bIsWeighted>
      <UnitOfMeasure>יחידה</UnitOfMeasure>
      <QtyInPackage>0</QtyInPackage>
      <ItemPrice>18.90</ItemPrice>
      <UnitOfMeasurePrice>18.90</UnitOfMeasurePrice>
      <AllowDiscount>1</AllowDiscount>
      <ItemStatus>1</ItemStatus>
    </Item>
    <Item>
      <PriceUpdateDate>2020-01-20 00:14</PriceUpdateDate>
      <ItemCode>5029053535227</ItemCode>
      <ItemType>1</ItemType>
      <ItemName>16טמפו.קוטקס מוליך נורמ.</ItemName>
      <ManufacturerName>קימברלי קלארק</ManufacturerName>
      <ManufactureCountry>CZ</ManufactureCountry>
      <ManufacturerItemDescription>טמפוני קוטקס</ManufacturerItemDescription>
      <UnitQty>יחידה</UnitQty>
      <Quantity>1.00</Quantity>
      <bIsWeighted>0</bIsWeighted>
      <UnitOfMeasure>יחידה</UnitOfMeasure>
      <QtyInPackage>0</QtyInPackage>
      <ItemPrice>18.90</ItemPrice>
      <UnitOfMeasurePrice>18.90</UnitOfMeasurePrice>
      <AllowDiscount>1</AllowDiscount>
      <ItemStatus>1</ItemStatus>
    </Item>
    <Item>
      <PriceUpdateDate>2020-01-20 00:14</PriceUpdateDate>
      <ItemCode>5029053535234</ItemCode>
      <ItemType>1</ItemType>
      <ItemName>16טמפונ.קוטקס מוליך סופר</ItemName>
      <ManufacturerName>חוגלה קימברלי</ManufacturerName>
      <ManufactureCountry>CZ</ManufactureCountry>
      <ManufacturerItemDescription>טמפוני קוטקס</ManufacturerItemDescription>
      <UnitQty>יחידה</UnitQty>
      <Quantity>1.00</Quantity>
      <bIsWeighted>0</bIsWeighted>
      <UnitOfMeasure>יחידה</UnitOfMeasure>
      <QtyInPackage>0</QtyInPackage>
      <ItemPrice>18.90</ItemPrice>
      <UnitOfMeasurePrice>18.90</UnitOfMeasurePrice>
      <AllowDiscount>1</AllowDiscount>
      <ItemStatus>1</ItemStatus>
    </Item>
    <Item>
      <PriceUpdateDate>2020-01-20 00:13</PriceUpdateDate>
      <ItemCode>5037200054712</ItemCode>
      <ItemType>1</ItemType>
      <ItemName>מסיכת בד קוריאנית מאבוקד</ItemName>
      <ManufacturerName>כללי</ManufacturerName>
      <ManufactureCountry>IL</ManufactureCountry>
      <ManufacturerItemDescription>מסיכת בד קוריאני</ManufacturerItemDescription>
      <UnitQty>יחידה</UnitQty>
      <Quantity>1.00</Quantity>
      <bIsWeighted>0</bIsWeighted>
      <UnitOfMeasure>יחידה</UnitOfMeasure>
      <QtyInPackage>1</QtyInPackage>
      <ItemPrice>14.90</ItemPrice>
      <UnitOfMeasurePrice>14.90</UnitOfMeasurePrice>
      <AllowDiscount>1</AllowDiscount>
      <ItemStatus>1</ItemStatus>
    </Item>
    <Item>
      <PriceUpdateDate>2020-01-20 00:13</PriceUpdateDate>
      <ItemCode>5037200065787</ItemCode>
      <ItemType>1</ItemType>
      <ItemName>מסכת דבש לפנים יח'</ItemName>
      <ManufacturerName>כללי</ManufacturerName>
      <ManufactureCountry>IL</ManufactureCountry>
      <ManufacturerItemDescription>מסכת דבש לפנים</ManufacturerItemDescription>
      <UnitQty>יחידה</UnitQty>
      <Quantity>1.00</Quantity>
      <bIsWeighted>0</bIsWeighted>
      <UnitOfMeasure>יחידה</UnitOfMeasure>
      <QtyInPackage>1</QtyInPackage>
      <ItemPrice>11.90</ItemPrice>
      <UnitOfMeasurePrice>11.90</UnitOfMeasurePrice>
      <AllowDiscount>1</AllowDiscount>
      <ItemStatus>1</ItemStatus>
    </Item>
    <Item>
      <PriceUpdateDate>2020-01-20 00:13</PriceUpdateDate>
      <ItemCode>5037200067231</ItemCode>
      <ItemType>1</ItemType>
      <ItemName>זוג פצירות יח'</ItemName>
      <ManufacturerName>כללי</ManufacturerName>
      <ManufactureCountry>IL</ManufactureCountry>
      <ManufacturerItemDescription>זוג פצירות</ManufacturerItemDescription>
      <UnitQty>יחידה</UnitQty>
      <Quantity>1.00</Quantity>
      <bIsWeighted>0</bIsWeighted>
      <UnitOfMeasure>יחידה</UnitOfMeasure>
      <QtyInPackage>1</QtyInPackage>
      <ItemPrice>9.00</ItemPrice>
      <UnitOfMeasurePrice>9.00</UnitOfMeasurePrice>
      <AllowDiscount>1</AllowDiscount>
      <ItemStatus>1</ItemStatus>
    </Item>
    <Item>
      <PriceUpdateDate>2020-01-20 00:14</PriceUpdateDate>
      <ItemCode>5037200067262</ItemCode>
      <ItemType>1</ItemType>
      <ItemName>קרם ידיים מקדמיה יח'</ItemName>
      <ManufacturerName>כללי</ManufacturerName>
      <ManufactureCountry>IL</ManufactureCountry>
      <ManufacturerItemDescription>קרם ידיים מקדמיה</ManufacturerItemDescription>
      <UnitQty>יחידה</UnitQty>
      <Quantity>1.00</Quantity>
      <bIsWeighted>0</bIsWeighted>
      <UnitOfMeasure>יחידה</UnitOfMeasure>
      <QtyInPackage>1</QtyInPackage>
      <ItemPrice>26.90</ItemPrice>
      <UnitOfMeasurePrice>26.90</UnitOfMeasurePrice>
      <AllowDiscount>1</AllowDiscount>
      <ItemStatus>1</ItemStatus>
    </Item>
    <Item>
      <PriceUpdateDate>2020-01-20 00:13</PriceUpdateDate>
      <ItemCode>5037200074147</ItemCode>
      <ItemType>1</ItemType>
      <ItemName>מסכת בד עם תמצית כורכום</ItemName>
      <ManufacturerName>כללי</ManufacturerName>
      <ManufactureCountry>IL</ManufactureCountry>
      <ManufacturerItemDescription>מסכת בד עם תמצית</ManufacturerItemDescription>
      <UnitQty>יחידה</UnitQty>
      <Quantity>1.00</Quantity>
      <bIsWeighted>0</bIsWeighted>
      <UnitOfMeasure>יחידה</UnitOfMeasure>
      <QtyInPackage>1</QtyInPackage>
      <ItemPrice>19.90</ItemPrice>
      <UnitOfMeasurePrice>19.90</UnitOfMeasurePrice>
      <AllowDiscount>1</AllowDiscount>
      <ItemStatus>1</ItemStatus>
    </Item>
    <Item>
      <PriceUpdateDate>2020-01-20 00:14</PriceUpdateDate>
      <ItemCode>5037200076196</ItemCode>
      <ItemType>1</ItemType>
      <ItemName>קרם ידיים רימונים יח'</ItemName>
      <ManufacturerName>כללי</ManufacturerName>
      <ManufactureCountry>IL</ManufactureCountry>
      <ManufacturerItemDescription>קרם ידיים רימוני</ManufacturerItemDescription>
      <UnitQty>יחידה</UnitQty>
      <Quantity>1.00</Quantity>
      <bIsWeighted>0</bIsWeighted>
      <UnitOfMeasure>יחידה</UnitOfMeasure>
      <QtyInPackage>1</QtyInPackage>
      <ItemPrice>20.90</ItemPrice>
      <UnitOfMeasurePrice>20.90</UnitOfMeasurePrice>
      <AllowDiscount>1</AllowDiscount>
      <ItemStatus>1</ItemStatus>
    </Item>
    <Item>
      <PriceUpdateDate>2020-01-20 00:13</PriceUpdateDate>
      <ItemCode>5037200078237</ItemCode>
      <ItemType>1</ItemType>
      <ItemName>מסכת בד דובדבן האסאי יח'</ItemName>
      <ManufacturerName>כללי</ManufacturerName>
      <ManufactureCountry>IL</ManufactureCountry>
      <ManufacturerItemDescription>מסכת בד דובדבן ה</ManufacturerItemDescription>
      <UnitQty>יחידה</UnitQty>
      <Quantity>1.00</Quantity>
      <bIsWeighted>0</bIsWeighted>
      <UnitOfMeasure>יחידה</UnitOfMeasure>
      <QtyInPackage>1</QtyInPackage>
      <ItemPrice>19.90</ItemPrice>
      <UnitOfMeasurePrice>19.90</UnitOfMeasurePrice>
      <AllowDiscount>1</AllowDiscount>
      <ItemStatus>1</ItemStatus>
    </Item>
    <Item>
      <PriceUpdateDate>2020-01-20 00:13</PriceUpdateDate>
      <ItemCode>5037200081282</ItemCode>
      <ItemType>1</ItemType>
      <ItemName>שפתון באלם קאפקייק וניל</ItemName>
      <ManufacturerName>כללי</ManufacturerName>
      <ManufactureCountry>IL</ManufactureCountry>
      <ManufacturerItemDescription>שפתון באלם קאפקי</ManufacturerItemDescription>
      <UnitQty>יחידה</UnitQty>
      <Quantity>1.00</Quantity>
      <bIsWeighted>0</bIsWeighted>
      <UnitOfMeasure>יחידה</UnitOfMeasure>
      <QtyInPackage>1</QtyInPackage>
      <ItemPrice>17.90</ItemPrice>
      <UnitOfMeasurePrice>17.90</UnitOfMeasurePrice>
      <AllowDiscount>1</AllowDiscount>
      <ItemStatus>1</ItemStatus>
    </Item>
    <Item>
      <PriceUpdateDate>2020-01-20 00:14</PriceUpdateDate>
      <ItemCode>50398904</ItemCode>
      <ItemType>1</ItemType>
      <ItemName>קרם חמצן6% בקבוק 60 מ"ל</ItemName>
      <ManufacturerName>גדעון קוסמטיקס</ManufacturerName>
      <ManufactureCountry>IL</ManufactureCountry>
      <ManufacturerItemDescription>קרם חמצן 6%</ManufacturerItemDescription>
      <UnitQty>מיליליטרים</UnitQty>
      <Quantity>60.00</Quantity>
      <bIsWeighted>0</bIsWeighted>
      <UnitOfMeasure>100 מ"ל</UnitOfMeasure>
      <QtyInPackage>0</QtyInPackage>
      <ItemPrice>4.90</ItemPrice>
      <UnitOfMeasurePrice>8.17</UnitOfMeasurePrice>
      <AllowDiscount>1</AllowDiscount>
      <ItemStatus>1</ItemStatus>
    </Item>
    <Item>
      <PriceUpdateDate>2020-01-20 00:14</PriceUpdateDate>
      <ItemCode>50398911</ItemCode>
      <ItemType>1</ItemType>
      <ItemName>קרם חמצן 9% בקבוק 60 מ"ל</ItemName>
      <ManufacturerName>שוורצקופ</ManufacturerName>
      <ManufactureCountry>IL</ManufactureCountry>
      <ManufacturerItemDescription>קרם חמצן 9%</ManufacturerItemDescription>
      <UnitQty>מיליליטרים</UnitQty>
      <Quantity>60.00</Quantity>
      <bIsWeighted>0</bIsWeighted>
      <UnitOfMeasure>100 מ"ל</UnitOfMeasure>
      <QtyInPackage>0</QtyInPackage>
      <ItemPrice>4.90</ItemPrice>
      <UnitOfMeasurePrice>8.17</UnitOfMeasurePrice>
      <AllowDiscount>1</AllowDiscount>
      <ItemStatus>1</ItemStatus>
    </Item>
    <Item>
      <PriceUpdateDate>2020-01-20 00:13</PriceUpdateDate>
      <ItemCode>5060426150005</ItemCode>
      <ItemType>1</ItemType>
      <ItemName>לאבלי אדפ לאשה 100 מ"ל</ItemName>
      <ManufacturerName>כללי</ManufacturerName>
      <ManufactureCountry>IL</ManufactureCountry>
      <ManufacturerItemDescription>בושם לאבלי</ManufacturerItemDescription>
      <UnitQty>מיליליטרים</UnitQty>
      <Quantity>100.00</Quantity>
      <bIsWeighted>0</bIsWeighted>
      <UnitOfMeasure>100 מ"ל</UnitOfMeasure>
      <QtyInPackage>1</QtyInPackage>
      <ItemPrice>99.00</ItemPrice>
      <UnitOfMeasurePrice>99.00</UnitOfMeasurePrice>
      <AllowDiscount>1</AllowDiscount>
      <ItemStatus>1</ItemStatus>
    </Item>
    <Item>
      <PriceUpdateDate>2020-10-10 21:30</PriceUpdateDate>
      <ItemCode>5201100872602</ItemCode>
      <ItemType>1</ItemType>
      <ItemName>אקסלנס בלונד אפרפ מס9.1'</ItemName>
      <ManufacturerName>לוריאל פריז</ManufacturerName>
      <ManufactureCountry>BE</ManufactureCountry>
      <ManufacturerItemDescription>צבע שיער אקסלנס</ManufacturerItemDescription>
      <UnitQty>יחידה</UnitQty>
      <Quantity>1.00</Quantity>
      <bIsWeighted>0</bIsWeighted>
      <UnitOfMeasure>יחידה</UnitOfMeasure>
      <QtyInPackage>0</QtyInPackage>
      <ItemPrice>33.90</ItemPrice>
      <UnitOfMeasurePrice>33.90</UnitOfMeasurePrice>
      <AllowDiscount>1</AllowDiscount>
      <ItemStatus>1</ItemStatus>
    </Item>
    <Item>
      <PriceUpdateDate>2020-10-10 21:30</PriceUpdateDate>
      <ItemCode>5201143734141</ItemCode>
      <ItemType>1</ItemType>
      <ItemName>סאיוס אוליאו 60 4 חום יח</ItemName>
      <ManufacturerName>הנקל סוד</ManufacturerName>
      <ManufactureCountry>DE</ManufactureCountry>
      <ManufacturerItemDescription>צבע לשיער סאיוס</ManufacturerItemDescription>
      <UnitQty>יחידה</UnitQty>
      <Quantity>1.00</Quantity>
      <bIsWeighted>0</bIsWeighted>
      <UnitOfMeasure>יחידה</UnitOfMeasure>
      <QtyInPackage>1</QtyInPackage>
      <ItemPrice>29.90</ItemPrice>
      <UnitOfMeasurePrice>29.90</UnitOfMeasurePrice>
      <AllowDiscount>1</AllowDiscount>
      <ItemStatus>1</ItemStatus>
    </Item>
    <Item>
      <PriceUpdateDate>2020-01-20 00:14</PriceUpdateDate>
      <ItemCode>5201178801030</ItemCode>
      <ItemType>1</ItemType>
      <ItemName>קרם ניוואה רב"ש 75 מ"ל</ItemName>
      <ManufacturerName>ביירסדורץ</ManufacturerName>
      <ManufactureCountry />
      <ManufacturerItemDescription>קרם ניוואה</ManufacturerItemDescription>
      <UnitQty>יחידה</UnitQty>
      <Quantity>1.00</Quantity>
      <bIsWeighted>0</bIsWeighted>
      <UnitOfMeasure>יחידה</UnitOfMeasure>
      <QtyInPackage>0</QtyInPackage>
      <ItemPrice>22.90</ItemPrice>
      <UnitOfMeasurePrice>22.90</UnitOfMeasurePrice>
      <AllowDiscount>1</AllowDiscount>
      <ItemStatus>1</ItemStatus>
    </Item>
    <Item>
      <PriceUpdateDate>2020-10-10 21:00</PriceUpdateDate>
      <ItemCode>5201178801047</ItemCode>
      <ItemType>1</ItemType>
      <ItemName>קרם לחות ניוואה 150 מ"ל</ItemName>
      <ManufacturerName>HELLAS BEIERSDORF</ManufacturerName>
      <ManufactureCountry>DE</ManufactureCountry>
      <ManufacturerItemDescription>קרם לחות ניוואה</ManufacturerItemDescription>
      <UnitQty>מיליליטרים</UnitQty>
      <Quantity>150.00</Quantity>
      <bIsWeighted>0</bIsWeighted>
      <UnitOfMeasure>100 מ"ל</UnitOfMeasure>
      <QtyInPackage>0</QtyInPackage>
      <ItemPrice>14.90</ItemPrice>
      <UnitOfMeasurePrice>9.93</UnitOfMeasurePrice>
      <AllowDiscount>1</AllowDiscount>
      <ItemStatus>1</ItemStatus>
    </Item>
    <Item>
      <PriceUpdateDate>2020-10-10 21:00</PriceUpdateDate>
      <ItemCode>5201178801054</ItemCode>
      <ItemType>1</ItemType>
      <ItemName>קרם ניוואה 250 מ"ל</ItemName>
      <ManufacturerName>HELLAS BEIERSDORF</ManufacturerName>
      <ManufactureCountry>DE</ManufactureCountry>
      <ManufacturerItemDescription>ניוואה קרם לחות</ManufacturerItemDescription>
      <UnitQty>מיליליטרים</UnitQty>
      <Quantity>250.00</Quantity>
      <bIsWeighted>0</bIsWeighted>
      <UnitOfMeasure>100 מ"ל</UnitOfMeasure>
      <QtyInPackage>0</QtyInPackage>
      <ItemPrice>18.90</ItemPrice>
      <UnitOfMeasurePrice>7.56</UnitOfMeasurePrice>
      <AllowDiscount>1</AllowDiscount>
      <ItemStatus>1</ItemStatus>
    </Item>
    <Item>
      <PriceUpdateDate>2020-10-14 09:10</PriceUpdateDate>
      <ItemCode>5201347400545</ItemCode>
      <ItemType>1</ItemType>
      <ItemName>ויט 20רצועות שעווה לפנים</ItemName>
      <ManufacturerName>רקיט בנקיזר</ManufacturerName>
      <ManufactureCountry>FR</ManufactureCountry>
      <ManufacturerItemDescription>רצועות שעווה ויט</ManufacturerItemDescription>
      <UnitQty>יחידה</UnitQty>
      <Quantity>1.00</Quantity>
      <bIsWeighted>0</bIsWeighted>
      <UnitOfMeasure>יחידה</UnitOfMeasure>
      <QtyInPackage>0</QtyInPackage>
      <ItemPrice>24.90</ItemPrice>
      <UnitOfMeasurePrice>24.90</UnitOfMeasurePrice>
      <AllowDiscount>1</AllowDiscount>
      <ItemStatus>1</ItemStatus>
    </Item>
    <Item>
      <PriceUpdateDate>2020-10-10 20:20</PriceUpdateDate>
      <ItemCode>5202300014472</ItemCode>
      <ItemType>1</ItemType>
      <ItemName>וולפלקס ספריי אולטרא250מ</ItemName>
      <ManufacturerName>HFC פרסטיג'\</ManufacturerName>
      <ManufactureCountry>DE</ManufactureCountry>
      <ManufacturerItemDescription>וולהפלקס ספריי</ManufacturerItemDescription>
      <UnitQty>מיליליטרים</UnitQty>
      <Quantity>250.00</Quantity>
      <bIsWeighted>0</bIsWeighted>
      <UnitOfMeasure>100 מ"ל</UnitOfMeasure>
      <QtyInPackage>0</QtyInPackage>
      <ItemPrice>29.90</ItemPrice>
      <UnitOfMeasurePrice>11.96</UnitOfMeasurePrice>
      <AllowDiscount>1</AllowDiscount>
      <ItemStatus>1</ItemStatus>
    </Item>
    <Item>
      <PriceUpdateDate>2020-10-10 20:20</PriceUpdateDate>
      <ItemCode>5202300014496</ItemCode>
      <ItemType>1</ItemType>
      <ItemName>וולפלקס ספרי אקסטרא250מל</ItemName>
      <ManufacturerName>HFC פרסטיג'\</ManufacturerName>
      <ManufactureCountry>DE</ManufactureCountry>
      <ManufacturerItemDescription>וולהפלקס ספריי</ManufacturerItemDescription>
      <UnitQty>מיליליטרים</UnitQty>
      <Quantity>250.00</Quantity>
      <bIsWeighted>0</bIsWeighted>
      <UnitOfMeasure>100 מ"ל</UnitOfMeasure>
      <QtyInPackage>0</QtyInPackage>
      <ItemPrice>29.90</ItemPrice>
      <UnitOfMeasurePrice>11.96</UnitOfMeasurePrice>
      <AllowDiscount>1</AllowDiscount>
      <ItemStatus>1</ItemStatus>
    </Item>
    <Item>
      <PriceUpdateDate>2020-10-10 20:20</PriceUpdateDate>
      <ItemCode>5202300014557</ItemCode>
      <ItemType>1</ItemType>
      <ItemName>וולפלקס מוס ורוד200מ"ל</ItemName>
      <ManufacturerName>HFC פרסטיג'\</ManufacturerName>
      <ManufactureCountry>DE</ManufactureCountry>
      <ManufacturerItemDescription>וולהפלקס מוס</ManufacturerItemDescription>
      <UnitQty>מיליליטרים</UnitQty>
      <Quantity>200.00</Quantity>
      <bIsWeighted>0</bIsWeighted>
      <UnitOfMeasure>100 מ"ל</UnitOfMeasure>
      <QtyInPackage>0</QtyInPackage>
      <ItemPrice>24.90</ItemPrice>
      <UnitOfMeasurePrice>12.45</UnitOfMeasurePrice>
      <AllowDiscount>1</AllowDiscount>
      <ItemStatus>1</ItemStatus>
    </Item>
    <Item>
      <PriceUpdateDate>2020-10-10 20:20</PriceUpdateDate>
      <ItemCode>5202300014595</ItemCode>
      <ItemType>1</ItemType>
      <ItemName>וולפלקס מוס לשיער חזק200</ItemName>
      <ManufacturerName>HFC פרסטיג'\</ManufacturerName>
      <ManufactureCountry>DE</ManufactureCountry>
      <ManufacturerItemDescription>וולהפלקס מוס</ManufacturerItemDescription>
      <UnitQty>מיליליטרים</UnitQty>
      <Quantity>200.00</Quantity>
      <bIsWeighted>0</bIsWeighted>
      <UnitOfMeasure>100 מ"ל</UnitOfMeasure>
      <QtyInPackage>0</QtyInPackage>
      <ItemPrice>24.90</ItemPrice>
      <UnitOfMeasurePrice>12.45</UnitOfMeasurePrice>
      <AllowDiscount>1</AllowDiscount>
      <ItemStatus>1</ItemStatus>
    </Item>
    <Item>
      <PriceUpdateDate>2020-10-10 20:20</PriceUpdateDate>
      <ItemCode>5202300043007</ItemCode>
      <ItemType>1</ItemType>
      <ItemName>קולסטון 7/7 חום שטני</ItemName>
      <ManufacturerName>HFC פרסטיג'\</ManufacturerName>
      <ManufactureCountry>DE</ManufactureCountry>
      <ManufacturerItemDescription>קולסטון שפופרת</ManufacturerItemDescription>
      <UnitQty>יחידה</UnitQty>
      <Quantity>1.00</Quantity>
      <bIsWeighted>0</bIsWeighted>
      <UnitOfMeasure>יחידה</UnitOfMeasure>
      <QtyInPackage>0</QtyInPackage>
      <ItemPrice>17.90</ItemPrice>
      <UnitOfMeasurePrice>17.90</UnitOfMeasurePrice>
      <AllowDiscount>1</AllowDiscount>
      <ItemStatus>1</ItemStatus>
    </Item>
    <Item>
      <PriceUpdateDate>2020-10-10 20:20</PriceUpdateDate>
      <ItemCode>5202300043014</ItemCode>
      <ItemType>1</ItemType>
      <ItemName>קולסטון 6/7 חום שוקולד</ItemName>
      <ManufacturerName>HFC פרסטיג'\</ManufacturerName>
      <ManufactureCountry>DE</ManufactureCountry>
      <ManufacturerItemDescription>קולסטון שפופרת</ManufacturerItemDescription>
      <UnitQty>יחידה</UnitQty>
      <Quantity>1.00</Quantity>
      <bIsWeighted>0</bIsWeighted>
      <UnitOfMeasure>יחידה</UnitOfMeasure>
      <QtyInPackage>0</QtyInPackage>
      <ItemPrice>17.90</ItemPrice>
      <UnitOfMeasurePrice>17.90</UnitOfMeasurePrice>
      <AllowDiscount>1</AllowDiscount>
      <ItemStatus>1</ItemStatus>
    </Item>
    <Item>
      <PriceUpdateDate>2020-10-10 20:20</PriceUpdateDate>
      <ItemCode>5202300043038</ItemCode>
      <ItemType>1</ItemType>
      <ItemName>קולסטון 8/73 בלונד דבש ט</ItemName>
      <ManufacturerName>HFC פרסטיג'\</ManufacturerName>
      <ManufactureCountry>DE</ManufactureCountry>
      <ManufacturerItemDescription>קולסטון שפופרת</ManufacturerItemDescription>
      <UnitQty>יחידה</UnitQty>
      <Quantity>1.00</Quantity>
      <bIsWeighted>0</bIsWeighted>
      <UnitOfMeasure>יחידה</UnitOfMeasure>
      <QtyInPackage>0</QtyInPackage>
      <ItemPrice>17.90</ItemPrice>
      <UnitOfMeasurePrice>17.90</UnitOfMeasurePrice>
      <AllowDiscount>1</AllowDiscount>
      <ItemStatus>1</ItemStatus>
    </Item>
    <Item>
      <PriceUpdateDate>2020-10-10 20:20</PriceUpdateDate>
      <ItemCode>5202300043052</ItemCode>
      <ItemType>1</ItemType>
      <ItemName>קולסטון 7/75 אגוז בהיר</ItemName>
      <ManufacturerName>פרוקטר &amp; גמבל</ManufacturerName>
      <ManufactureCountry>DE</ManufactureCountry>
      <ManufacturerItemDescription>קולסטון שפופרת</ManufacturerItemDescription>
      <UnitQty>יחידה</UnitQty>
      <Quantity>1.00</Quantity>
      <bIsWeighted>0</bIsWeighted>
      <UnitOfMeasure>יחידה</UnitOfMeasure>
      <QtyInPackage>0</QtyInPackage>
      <ItemPrice>17.90</ItemPrice>
      <UnitOfMeasurePrice>17.90</UnitOfMeasurePrice>
      <AllowDiscount>1</AllowDiscount>
      <ItemStatus>1</ItemStatus>
    </Item>
    <Item>
      <PriceUpdateDate>2020-10-10 20:20</PriceUpdateDate>
      <ItemCode>5202300043151</ItemCode>
      <ItemType>1</ItemType>
      <ItemName>קולסטון 8/0 בלונד בהיר</ItemName>
      <ManufacturerName>HFC פרסטיג'\</ManufacturerName>
      <ManufactureCountry>DE</ManufactureCountry>
      <ManufacturerItemDescription>קולסטון שפופרת</ManufacturerItemDescription>
      <UnitQty>יחידה</UnitQty>
      <Quantity>1.00</Quantity>
      <bIsWeighted>0</bIsWeighted>
      <UnitOfMeasure>יחידה</UnitOfMeasure>
      <QtyInPackage>0</QtyInPackage>
      <ItemPrice>17.90</ItemPrice>
      <UnitOfMeasurePrice>17.90</UnitOfMeasurePrice>
      <AllowDiscount>1</AllowDiscount>
      <ItemStatus>1</ItemStatus>
    </Item>
    <Item>
      <PriceUpdateDate>2020-10-10 20:20</PriceUpdateDate>
      <ItemCode>5202300043168</ItemCode>
      <ItemType>1</ItemType>
      <ItemName>קולסטון 7/0 בלונד בינוני</ItemName>
      <ManufacturerName>HFC פרסטיג'\</ManufacturerName>
      <ManufactureCountry>DE</ManufactureCountry>
      <ManufacturerItemDescription>קולסטון</ManufacturerItemDescription>
      <UnitQty>יחידה</UnitQty>
      <Quantity>1.00</Quantity>
      <bIsWeighted>0</bIsWeighted>
      <UnitOfMeasure>יחידה</UnitOfMeasure>
      <QtyInPackage>0</QtyInPackage>
      <ItemPrice>17.90</ItemPrice>
      <UnitOfMeasurePrice>17.90</UnitOfMeasurePrice>
      <AllowDiscount>1</AllowDiscount>
      <ItemStatus>1</ItemStatus>
    </Item>
    <Item>
      <PriceUpdateDate>2020-10-10 20:20</PriceUpdateDate>
      <ItemCode>5202300043205</ItemCode>
      <ItemType>1</ItemType>
      <ItemName>קולסטון 3/0 חום כהה</ItemName>
      <ManufacturerName>HFC פרסטיג'\</ManufacturerName>
      <ManufactureCountry>DE</ManufactureCountry>
      <ManufacturerItemDescription>קולסטון חום כהה</ManufacturerItemDescription>
      <UnitQty>יחידה</UnitQty>
      <Quantity>1.00</Quantity>
      <bIsWeighted>0</bIsWeighted>
      <UnitOfMeasure>יחידה</UnitOfMeasure>
      <QtyInPackage>0</QtyInPackage>
      <ItemPrice>17.90</ItemPrice>
      <UnitOfMeasurePrice>17.90</UnitOfMeasurePrice>
      <AllowDiscount>1</AllowDiscount>
      <ItemStatus>1</ItemStatus>
    </Item>
    <Item>
      <PriceUpdateDate>2020-10-10 20:20</PriceUpdateDate>
      <ItemCode>5202300043212</ItemCode>
      <ItemType>1</ItemType>
      <ItemName>קולסטון 2/0 שחור 60 מ"ל</ItemName>
      <ManufacturerName>HFC פרסטיג'\</ManufacturerName>
      <ManufactureCountry>DE</ManufactureCountry>
      <ManufacturerItemDescription>קולסטון שפופרת</ManufacturerItemDescription>
      <UnitQty>יחידה</UnitQty>
      <Quantity>1.00</Quantity>
      <bIsWeighted>0</bIsWeighted>
      <UnitOfMeasure>יחידה</UnitOfMeasure>
      <QtyInPackage>0</QtyInPackage>
      <ItemPrice>17.90</ItemPrice>
      <UnitOfMeasurePrice>17.90</UnitOfMeasurePrice>
      <AllowDiscount>1</AllowDiscount>
      <ItemStatus>1</ItemStatus>
    </Item>
    <Item>
      <PriceUpdateDate>2020-10-10 20:20</PriceUpdateDate>
      <ItemCode>5202300043250</ItemCode>
      <ItemType>1</ItemType>
      <ItemName>קולסטון 11/1 בלונד אפר ב</ItemName>
      <ManufacturerName>HFC פרסטיג'\</ManufacturerName>
      <ManufactureCountry>DE</ManufactureCountry>
      <ManufacturerItemDescription>קולסטון 2000</ManufacturerItemDescription>
      <UnitQty>יחידה</UnitQty>
      <Quantity>1.00</Quantity>
      <bIsWeighted>0</bIsWeighted>
      <UnitOfMeasure>יחידה</UnitOfMeasure>
      <QtyInPackage>0</QtyInPackage>
      <ItemPrice>17.90</ItemPrice>
      <UnitOfMeasurePrice>17.90</UnitOfMeasurePrice>
      <AllowDiscount>1</AllowDiscount>
      <ItemStatus>1</ItemStatus>
    </Item>
    <Item>
      <PriceUpdateDate>2020-10-10 20:20</PriceUpdateDate>
      <ItemCode>5202300043267</ItemCode>
      <ItemType>1</ItemType>
      <ItemName>קולסטון 9/1 בלונד אפרפר</ItemName>
      <ManufacturerName>HFC פרסטיג'\</ManufacturerName>
      <ManufactureCountry>DE</ManufactureCountry>
      <ManufacturerItemDescription>קולסטון שפופרת</ManufacturerItemDescription>
      <UnitQty>יחידה</UnitQty>
      <Quantity>1.00</Quantity>
      <bIsWeighted>0</bIsWeighted>
      <UnitOfMeasure>יחידה</UnitOfMeasure>
      <QtyInPackage>0</QtyInPackage>
      <ItemPrice>17.90</ItemPrice>
      <UnitOfMeasurePrice>17.90</UnitOfMeasurePrice>
      <AllowDiscount>1</AllowDiscount>
      <ItemStatus>1</ItemStatus>
    </Item>
    <Item>
      <PriceUpdateDate>2020-10-10 20:20</PriceUpdateDate>
      <ItemCode>5202300043281</ItemCode>
      <ItemType>1</ItemType>
      <ItemName>קולסטון 7/1 בלונד אפרפר</ItemName>
      <ManufacturerName>HFC פרסטיג'\</ManufacturerName>
      <ManufactureCountry>DE</ManufactureCountry>
      <ManufacturerItemDescription>קולסטון שפורפרת</ManufacturerItemDescription>
      <UnitQty>יחידה</UnitQty>
      <Quantity>1.00</Quantity>
      <bIsWeighted>0</bIsWeighted>
      <UnitOfMeasure>יחידה</UnitOfMeasure>
      <QtyInPackage>0</QtyInPackage>
      <ItemPrice>17.90</ItemPrice>
      <UnitOfMeasurePrice>17.90</UnitOfMeasurePrice>
      <AllowDiscount>1</AllowDiscount>
      <ItemStatus>1</ItemStatus>
    </Item>
    <Item>
      <PriceUpdateDate>2020-10-10 20:20</PriceUpdateDate>
      <ItemCode>5202300043298</ItemCode>
      <ItemType>1</ItemType>
      <ItemName>קולסטון 6/1 בלונד אפרפר</ItemName>
      <ManufacturerName>פרוקטר &amp; גמבל</ManufacturerName>
      <ManufactureCountry>DE</ManufactureCountry>
      <ManufacturerItemDescription>קולסטון שפורפרת</ManufacturerItemDescription>
      <UnitQty>יחידה</UnitQty>
      <Quantity>1.00</Quantity>
      <bIsWeighted>0</bIsWeighted>
      <UnitOfMeasure>יחידה</UnitOfMeasure>
      <QtyInPackage>0</QtyInPackage>
      <ItemPrice>17.90</ItemPrice>
      <UnitOfMeasurePrice>17.90</UnitOfMeasurePrice>
      <AllowDiscount>1</AllowDiscount>
      <ItemStatus>1</ItemStatus>
    </Item>
    <Item>
      <PriceUpdateDate>2020-10-10 20:20</PriceUpdateDate>
      <ItemCode>5202300043380</ItemCode>
      <ItemType>1</ItemType>
      <ItemName>קולסטון 7/4 בלונד ג'ינגי</ItemName>
      <ManufacturerName>HFC פרסטיג'\</ManufacturerName>
      <ManufactureCountry>DE</ManufactureCountry>
      <ManufacturerItemDescription>קולסטון שפורפרת</ManufacturerItemDescription>
      <UnitQty>יחידה</UnitQty>
      <Quantity>1.00</Quantity>
      <bIsWeighted>0</bIsWeighted>
      <UnitOfMeasure>יחידה</UnitOfMeasure>
      <QtyInPackage>0</QtyInPackage>
      <ItemPrice>17.90</ItemPrice>
      <UnitOfMeasurePrice>17.90</UnitOfMeasurePrice>
      <AllowDiscount>1</AllowDiscount>
      <ItemStatus>1</ItemStatus>
    </Item>
    <Item>
      <PriceUpdateDate>2020-10-10 20:20</PriceUpdateDate>
      <ItemCode>5202300043670</ItemCode>
      <ItemType>1</ItemType>
      <ItemName>קולסטון 5/7 חום קפה</ItemName>
      <ManufacturerName>HFC פרסטיג'\</ManufacturerName>
      <ManufactureCountry>DE</ManufactureCountry>
      <ManufacturerItemDescription>קולסטון שפורפרת</ManufacturerItemDescription>
      <UnitQty>יחידה</UnitQty>
      <Quantity>1.00</Quantity>
      <bIsWeighted>0</bIsWeighted>
      <UnitOfMeasure>יחידה</UnitOfMeasure>
      <QtyInPackage>0</QtyInPackage>
      <ItemPrice>17.90</ItemPrice>
      <UnitOfMeasurePrice>17.90</UnitOfMeasurePrice>
      <AllowDiscount>1</AllowDiscount>
      <ItemStatus>1</ItemStatus>
    </Item>
    <Item>
      <PriceUpdateDate>2020-10-10 20:20</PriceUpdateDate>
      <ItemCode>5202300045834</ItemCode>
      <ItemType>1</ItemType>
      <ItemName>קולסטון 10/0 בלונד פסטל</ItemName>
      <ManufacturerName>HFC פרסטיג'\</ManufacturerName>
      <ManufactureCountry>DE</ManufactureCountry>
      <ManufacturerItemDescription>קולסטון שפורפרת</ManufacturerItemDescription>
      <UnitQty>יחידה</UnitQty>
      <Quantity>1.00</Quantity>
      <bIsWeighted>0</bIsWeighted>
      <UnitOfMeasure>יחידה</UnitOfMeasure>
      <QtyInPackage>0</QtyInPackage>
      <ItemPrice>17.90</ItemPrice>
      <UnitOfMeasurePrice>17.90</UnitOfMeasurePrice>
      <AllowDiscount>1</AllowDiscount>
      <ItemStatus>1</ItemStatus>
    </Item>
    <Item>
      <PriceUpdateDate>2020-01-20 00:21</PriceUpdateDate>
      <ItemCode>5391523057929</ItemCode>
      <ItemType>1</ItemType>
      <ItemName>סימילאק גולד שלב 1 700 ג</ItemName>
      <ManufacturerName>אבוט</ManufacturerName>
      <ManufactureCountry>IE</ManufactureCountry>
      <ManufacturerItemDescription>סימילאק גולד</ManufacturerItemDescription>
      <UnitQty>גרמים</UnitQty>
      <Quantity>700.00</Quantity>
      <bIsWeighted>0</bIsWeighted>
      <UnitOfMeasure>100 גרם</UnitOfMeasure>
      <QtyInPackage>1</QtyInPackage>
      <ItemPrice>85.90</ItemPrice>
      <UnitOfMeasurePrice>12.27</UnitOfMeasurePrice>
      <AllowDiscount>1</AllowDiscount>
      <ItemStatus>1</ItemStatus>
    </Item>
    <Item>
      <PriceUpdateDate>2020-01-20 00:21</PriceUpdateDate>
      <ItemCode>5391523057943</ItemCode>
      <ItemType>1</ItemType>
      <ItemName>סימילאק גולד שלב 3 700 ג</ItemName>
      <ManufacturerName>אבוט</ManufacturerName>
      <ManufactureCountry>IE</ManufactureCountry>
      <ManufacturerItemDescription>סימילאק גולד</ManufacturerItemDescription>
      <UnitQty>גרמים</UnitQty>
      <Quantity>700.00</Quantity>
      <bIsWeighted>0</bIsWeighted>
      <UnitOfMeasure>100 גרם</UnitOfMeasure>
      <QtyInPackage>1</QtyInPackage>
      <ItemPrice>85.90</ItemPrice>
      <UnitOfMeasurePrice>12.27</UnitOfMeasurePrice>
      <AllowDiscount>1</AllowDiscount>
      <ItemStatus>1</ItemStatus>
    </Item>
    <Item>
      <PriceUpdateDate>2020-01-20 00:21</PriceUpdateDate>
      <ItemCode>5391523058063</ItemCode>
      <ItemType>1</ItemType>
      <ItemName>סימילאק אדבנס+ שלב1 700ג</ItemName>
      <ManufacturerName>אבוט</ManufacturerName>
      <ManufactureCountry>IE</ManufactureCountry>
      <ManufacturerItemDescription>סימילאק אדבנס</ManufacturerItemDescription>
      <UnitQty>גרמים</UnitQty>
      <Quantity>700.00</Quantity>
      <bIsWeighted>0</bIsWeighted>
      <UnitOfMeasure>100 גרם</UnitOfMeasure>
      <QtyInPackage>1</QtyInPackage>
      <ItemPrice>71.90</ItemPrice>
      <UnitOfMeasurePrice>10.27</UnitOfMeasurePrice>
      <AllowDiscount>1</AllowDiscount>
      <ItemStatus>1</ItemStatus>
    </Item>
    <Item>
      <PriceUpdateDate>2020-01-20 00:21</PriceUpdateDate>
      <ItemCode>5391523058070</ItemCode>
      <ItemType>1</ItemType>
      <ItemName>סימילאק אדבנס+ שלב3 700ג</ItemName>
      <ManufacturerName>אבוט</ManufacturerName>
      <ManufactureCountry>IE</ManufactureCountry>
      <ManufacturerItemDescription>סימילאק אדבנס</ManufacturerItemDescription>
      <UnitQty>גרמים</UnitQty>
      <Quantity>700.00</Quantity>
      <bIsWeighted>0</bIsWeighted>
      <UnitOfMeasure>100 גרם</UnitOfMeasure>
      <QtyInPackage>1</QtyInPackage>
      <ItemPrice>71.90</ItemPrice>
      <UnitOfMeasurePrice>10.27</UnitOfMeasurePrice>
      <AllowDiscount>1</AllowDiscount>
      <ItemStatus>1</ItemStatus>
    </Item>
    <Item>
      <PriceUpdateDate>2020-01-20 00:21</PriceUpdateDate>
      <ItemCode>5391523058087</ItemCode>
      <ItemType>1</ItemType>
      <ItemName>סימילאק אדבנס+ שלב2 700ג</ItemName>
      <ManufacturerName>אבוט</ManufacturerName>
      <ManufactureCountry>IE</ManufactureCountry>
      <ManufacturerItemDescription>סימילאק אדבנס</ManufacturerItemDescription>
      <UnitQty>גרמים</UnitQty>
      <Quantity>700.00</Quantity>
      <bIsWeighted>0</bIsWeighted>
      <UnitOfMeasure>100 גרם</UnitOfMeasure>
      <QtyInPackage>1</QtyInPackage>
      <ItemPrice>71.90</ItemPrice>
      <UnitOfMeasurePrice>10.27</UnitOfMeasurePrice>
      <AllowDiscount>1</AllowDiscount>
      <ItemStatus>1</ItemStatus>
    </Item>
    <Item>
      <PriceUpdateDate>2020-01-20 00:14</PriceUpdateDate>
      <ItemCode>5410091677992</ItemCode>
      <ItemType>1</ItemType>
      <ItemName>ספריי סאיוס מקס הולד400</ItemName>
      <ManufacturerName>הנקל סוד</ManufacturerName>
      <ManufactureCountry>DE</ManufactureCountry>
      <ManufacturerItemDescription>ספרי עיצוב סאיוס</ManufacturerItemDescription>
      <UnitQty>מיליליטרים</UnitQty>
      <Quantity>400.00</Quantity>
      <bIsWeighted>0</bIsWeighted>
      <UnitOfMeasure>100 מ"ל</UnitOfMeasure>
      <QtyInPackage>0</QtyInPackage>
      <ItemPrice>46.90</ItemPrice>
      <UnitOfMeasurePrice>11.73</UnitOfMeasurePrice>
      <AllowDiscount>1</AllowDiscount>
      <ItemStatus>1</ItemStatus>
    </Item>
    <Item>
      <PriceUpdateDate>2020-01-20 00:14</PriceUpdateDate>
      <ItemCode>5410091678005</ItemCode>
      <ItemType>1</ItemType>
      <ItemName>ספריי סאיוס ווליום 400מל</ItemName>
      <ManufacturerName>הנקל סוד</ManufacturerName>
      <ManufactureCountry>DE</ManufactureCountry>
      <ManufacturerItemDescription>ספרי עיצוב סאיוס</ManufacturerItemDescription>
      <UnitQty>מיליליטרים</UnitQty>
      <Quantity>400.00</Quantity>
      <bIsWeighted>0</bIsWeighted>
      <UnitOfMeasure>100 מ"ל</UnitOfMeasure>
      <QtyInPackage>0</QtyInPackage>
      <ItemPrice>46.90</ItemPrice>
      <UnitOfMeasurePrice>11.73</UnitOfMeasurePrice>
      <AllowDiscount>1</AllowDiscount>
      <ItemStatus>1</ItemStatus>
    </Item>
    <Item>
      <PriceUpdateDate>2020-01-20 00:14</PriceUpdateDate>
      <ItemCode>5410091678012</ItemCode>
      <ItemType>1</ItemType>
      <ItemName>ספריי סאיוס לברק ח"מ 400</ItemName>
      <ManufacturerName>הנקל סוד</ManufacturerName>
      <ManufactureCountry>DE</ManufactureCountry>
      <ManufacturerItemDescription>ספרי עיצוב סאיוס</ManufacturerItemDescription>
      <UnitQty>מיליליטרים</UnitQty>
      <Quantity>400.00</Quantity>
      <bIsWeighted>0</bIsWeighted>
      <UnitOfMeasure>100 מ"ל</UnitOfMeasure>
      <QtyInPackage>0</QtyInPackage>
      <ItemPrice>46.90</ItemPrice>
      <UnitOfMeasurePrice>11.73</UnitOfMeasurePrice>
      <AllowDiscount>1</AllowDiscount>
      <ItemStatus>1</ItemStatus>
    </Item>
    <Item>
      <PriceUpdateDate>2020-01-20 00:14</PriceUpdateDate>
      <ItemCode>5410091678043</ItemCode>
      <ItemType>1</ItemType>
      <ItemName>מוס סאיוס שיער מתותל 250</ItemName>
      <ManufacturerName>הנקל סוד</ManufacturerName>
      <ManufactureCountry>DE</ManufactureCountry>
      <ManufacturerItemDescription>מוס לעיצוב סאיוס</ManufacturerItemDescription>
      <UnitQty>מיליליטרים</UnitQty>
      <Quantity>250.00</Quantity>
      <bIsWeighted>0</bIsWeighted>
      <UnitOfMeasure>100 מ"ל</UnitOfMeasure>
      <QtyInPackage>0</QtyInPackage>
      <ItemPrice>32.90</ItemPrice>
      <UnitOfMeasurePrice>13.16</UnitOfMeasurePrice>
      <AllowDiscount>1</AllowDiscount>
      <ItemStatus>1</ItemStatus>
    </Item>
    <Item>
      <PriceUpdateDate>2020-01-20 00:14</PriceUpdateDate>
      <ItemCode>5410091708955</ItemCode>
      <ItemType>1</ItemType>
      <ItemName>ספריי סאיוס ווליום 400מל</ItemName>
      <ManufacturerName>הנקל סוד</ManufacturerName>
      <ManufactureCountry>DE</ManufactureCountry>
      <ManufacturerItemDescription>ספרי עיצוב סאיוס</ManufacturerItemDescription>
      <UnitQty>מיליליטרים</UnitQty>
      <Quantity>400.00</Quantity>
      <bIsWeighted>0</bIsWeighted>
      <UnitOfMeasure>100 מ"ל</UnitOfMeasure>
      <QtyInPackage>0</QtyInPackage>
      <ItemPrice>46.90</ItemPrice>
      <UnitOfMeasurePrice>11.73</UnitOfMeasurePrice>
      <AllowDiscount>1</AllowDiscount>
      <ItemStatus>1</ItemStatus>
    </Item>
    <Item>
      <PriceUpdateDate>2020-01-20 00:14</PriceUpdateDate>
      <ItemCode>5410091733100</ItemCode>
      <ItemType>1</ItemType>
      <ItemName>מוס סאיוס סרמיד 250 מ"ל</ItemName>
      <ManufacturerName>שוורצקופף והנקל</ManufacturerName>
      <ManufactureCountry>DE</ManufactureCountry>
      <ManufacturerItemDescription>מוס לעיצוב סאיוס</ManufacturerItemDescription>
      <UnitQty>מיליליטרים</UnitQty>
      <Quantity>250.00</Quantity>
      <bIsWeighted>0</bIsWeighted>
      <UnitOfMeasure>100 מ"ל</UnitOfMeasure>
      <QtyInPackage>1</QtyInPackage>
      <ItemPrice>32.90</ItemPrice>
      <UnitOfMeasurePrice>13.16</UnitOfMeasurePrice>
      <AllowDiscount>1</AllowDiscount>
      <ItemStatus>1</ItemStatus>
    </Item>
    <Item>
      <PriceUpdateDate>2020-10-10 20:20</PriceUpdateDate>
      <ItemCode>5410103161617</ItemCode>
      <ItemType>1</ItemType>
      <ItemName>ACTIVE TRIPLE קרם לחות</ItemName>
      <ManufacturerName>קרלסרו, גרמניה</ManufacturerName>
      <ManufactureCountry>DE</ManufactureCountry>
      <ManufacturerItemDescription>קרם לחות עור יבש</ManufacturerItemDescription>
      <UnitQty>מיליליטרים</UnitQty>
      <Quantity>50.00</Quantity>
      <bIsWeighted>0</bIsWeighted>
      <UnitOfMeasure>100 מ"ל</UnitOfMeasure>
      <QtyInPackage>0</QtyInPackage>
      <ItemPrice>44.90</ItemPrice>
      <UnitOfMeasurePrice>89.80</UnitOfMeasurePrice>
      <AllowDiscount>1</AllowDiscount>
      <ItemStatus>1</ItemStatus>
    </Item>
    <Item>
      <PriceUpdateDate>2020-10-10 20:20</PriceUpdateDate>
      <ItemCode>5410126666038</ItemCode>
      <ItemType>1</ItemType>
      <ItemName>ביסקוויט לוטוס קרמל279ג</ItemName>
      <ManufacturerName>לוטוס ביקרי</ManufacturerName>
      <ManufactureCountry>BE</ManufactureCountry>
      <ManufacturerItemDescription>ביסקוויט לוטוס</ManufacturerItemDescription>
      <UnitQty>גרמים</UnitQty>
      <Quantity>279.00</Quantity>
      <bIsWeighted>0</bIsWeighted>
      <UnitOfMeasure>100 גרם</UnitOfMeasure>
      <QtyInPackage>1</QtyInPackage>
      <ItemPrice>10.00</ItemPrice>
      <UnitOfMeasurePrice>3.58</UnitOfMeasurePrice>
      <AllowDiscount>1</AllowDiscount>
      <ItemStatus>1</ItemStatus>
    </Item>
    <Item>
      <PriceUpdateDate>2020-10-10 20:20</PriceUpdateDate>
      <ItemCode>5413149655522</ItemCode>
      <ItemType>1</ItemType>
      <ItemName>אבקת אריאל שושן צחור1.25</ItemName>
      <ManufacturerName>פרוקטר אנד גמבל</ManufacturerName>
      <ManufactureCountry>CZ</ManufactureCountry>
      <ManufacturerItemDescription>אבקת כביסה אריאל</ManufacturerItemDescription>
      <UnitQty>קילוגרמים</UnitQty>
      <Quantity>1.25</Quantity>
      <bIsWeighted>0</bIsWeighted>
      <UnitOfMeasure>ק"ג</UnitOfMeasure>
      <QtyInPackage>0</QtyInPackage>
      <ItemPrice>12.90</ItemPrice>
      <UnitOfMeasurePrice>10.32</UnitOfMeasurePrice>
      <AllowDiscount>1</AllowDiscount>
      <ItemStatus>1</ItemStatus>
    </Item>
    <Item>
      <PriceUpdateDate>2020-08-14 05:43</PriceUpdateDate>
      <ItemCode>5413548040479</ItemCode>
      <ItemType>1</ItemType>
      <ItemName>בונ.רפאלו 240 גרם</ItemName>
      <ManufacturerName>פררו</ManufacturerName>
      <ManufactureCountry>PL</ManufactureCountry>
      <ManufacturerItemDescription>בונבוניירה רפאלו</ManufacturerItemDescription>
      <UnitQty>גרמים</UnitQty>
      <Quantity>240.00</Quantity>
      <bIsWeighted>0</bIsWeighted>
      <UnitOfMeasure>100 גרם</UnitOfMeasure>
      <QtyInPackage>0</QtyInPackage>
      <ItemPrice>30.50</ItemPrice>
      <UnitOfMeasurePrice>12.71</UnitOfMeasurePrice>
      <AllowDiscount>1</AllowDiscount>
      <ItemStatus>1</ItemStatus>
    </Item>
    <Item>
      <PriceUpdateDate>2020-10-10 21:30</PriceUpdateDate>
      <ItemCode>5601036205534</ItemCode>
      <ItemType>1</ItemType>
      <ItemName>צבע לשיער 1 שחור</ItemName>
      <ManufacturerName>ליברמו</ManufacturerName>
      <ManufactureCountry>BE</ManufactureCountry>
      <ManufacturerItemDescription>צבע לשיער אקסלנס</ManufacturerItemDescription>
      <UnitQty>יחידה</UnitQty>
      <Quantity>1.00</Quantity>
      <bIsWeighted>0</bIsWeighted>
      <UnitOfMeasure>יחידה</UnitOfMeasure>
      <QtyInPackage>0</QtyInPackage>
      <ItemPrice>33.90</ItemPrice>
      <UnitOfMeasurePrice>33.90</UnitOfMeasurePrice>
      <AllowDiscount>1</AllowDiscount>
      <ItemStatus>1</ItemStatus>
    </Item>
    <Item>
      <PriceUpdateDate>2020-10-10 21:30</PriceUpdateDate>
      <ItemCode>5601036205558</ItemCode>
      <ItemType>1</ItemType>
      <ItemName>צבע לשיער גוון 4 חום כהה</ItemName>
      <ManufacturerName>ליברמו</ManufacturerName>
      <ManufactureCountry>BE</ManufactureCountry>
      <ManufacturerItemDescription>צבע שיער אקסלנס</ManufacturerItemDescription>
      <UnitQty>יחידה</UnitQty>
      <Quantity>1.00</Quantity>
      <bIsWeighted>0</bIsWeighted>
      <UnitOfMeasure>יחידה</UnitOfMeasure>
      <QtyInPackage>0</QtyInPackage>
      <ItemPrice>33.90</ItemPrice>
      <UnitOfMeasurePrice>33.90</UnitOfMeasurePrice>
      <AllowDiscount>1</AllowDiscount>
      <ItemStatus>1</ItemStatus>
    </Item>
    <Item>
      <PriceUpdateDate>2020-10-10 21:30</PriceUpdateDate>
      <ItemCode>5601036205589</ItemCode>
      <ItemType>1</ItemType>
      <ItemName>צבע שיער אקסלנס 5 חום</ItemName>
      <ManufacturerName>ליברמו</ManufacturerName>
      <ManufactureCountry>BE</ManufactureCountry>
      <ManufacturerItemDescription>צבע לשיער אקסלנס</ManufacturerItemDescription>
      <UnitQty>יחידה</UnitQty>
      <Quantity>1.00</Quantity>
      <bIsWeighted>0</bIsWeighted>
      <UnitOfMeasure>יחידה</UnitOfMeasure>
      <QtyInPackage>0</QtyInPackage>
      <ItemPrice>33.90</ItemPrice>
      <UnitOfMeasurePrice>33.90</UnitOfMeasurePrice>
      <AllowDiscount>1</AllowDiscount>
      <ItemStatus>1</ItemStatus>
    </Item>
    <Item>
      <PriceUpdateDate>2020-10-10 21:30</PriceUpdateDate>
      <ItemCode>5601036205596</ItemCode>
      <ItemType>1</ItemType>
      <ItemName>צבע לשיער 5.3 חום זהוב</ItemName>
      <ManufacturerName>ליברמו</ManufacturerName>
      <ManufactureCountry>BE</ManufactureCountry>
      <ManufacturerItemDescription>צבע לשיער אקסלנס</ManufacturerItemDescription>
      <UnitQty>יחידה</UnitQty>
      <Quantity>1.00</Quantity>
      <bIsWeighted>0</bIsWeighted>
      <UnitOfMeasure>יחידה</UnitOfMeasure>
      <QtyInPackage>0</QtyInPackage>
      <ItemPrice>33.90</ItemPrice>
      <UnitOfMeasurePrice>33.90</UnitOfMeasurePrice>
      <AllowDiscount>1</AllowDiscount>
      <ItemStatus>1</ItemStatus>
    </Item>
    <Item>
      <PriceUpdateDate>2020-10-10 21:30</PriceUpdateDate>
      <ItemCode>5601036205626</ItemCode>
      <ItemType>1</ItemType>
      <ItemName>צבע שיער 6 בלונד כהה</ItemName>
      <ManufacturerName>ליברמו</ManufacturerName>
      <ManufactureCountry>BE</ManufactureCountry>
      <ManufacturerItemDescription>צבע שיער אקסלנס</ManufacturerItemDescription>
      <UnitQty>יחידה</UnitQty>
      <Quantity>1.00</Quantity>
      <bIsWeighted>0</bIsWeighted>
      <UnitOfMeasure>יחידה</UnitOfMeasure>
      <QtyInPackage>0</QtyInPackage>
      <ItemPrice>33.90</ItemPrice>
      <UnitOfMeasurePrice>33.90</UnitOfMeasurePrice>
      <AllowDiscount>1</AllowDiscount>
      <ItemStatus>1</ItemStatus>
    </Item>
    <Item>
      <PriceUpdateDate>2020-10-10 21:30</PriceUpdateDate>
      <ItemCode>5601036205657</ItemCode>
      <ItemType>1</ItemType>
      <ItemName>צבע לשיער 7 בלונד</ItemName>
      <ManufacturerName>ליברמו</ManufacturerName>
      <ManufactureCountry>BE</ManufactureCountry>
      <ManufacturerItemDescription>צבע לשיער אקסלנס</ManufacturerItemDescription>
      <UnitQty>יחידה</UnitQty>
      <Quantity>1.00</Quantity>
      <bIsWeighted>0</bIsWeighted>
      <UnitOfMeasure>יחידה</UnitOfMeasure>
      <QtyInPackage>0</QtyInPackage>
      <ItemPrice>33.90</ItemPrice>
      <UnitOfMeasurePrice>33.90</UnitOfMeasurePrice>
      <AllowDiscount>1</AllowDiscount>
      <ItemStatus>1</ItemStatus>
    </Item>
    <Item>
      <PriceUpdateDate>2020-10-10 21:30</PriceUpdateDate>
      <ItemCode>5601036205664</ItemCode>
      <ItemType>1</ItemType>
      <ItemName>צבע שיער אקסלנס 7.1</ItemName>
      <ManufacturerName>ליברמו</ManufacturerName>
      <ManufactureCountry>BE</ManufactureCountry>
      <ManufacturerItemDescription>צבעי שיער אקסלנס</ManufacturerItemDescription>
      <UnitQty>יחידה</UnitQty>
      <Quantity>1.00</Quantity>
      <bIsWeighted>0</bIsWeighted>
      <UnitOfMeasure>יחידה</UnitOfMeasure>
      <QtyInPackage>0</QtyInPackage>
      <ItemPrice>33.90</ItemPrice>
      <UnitOfMeasurePrice>33.90</UnitOfMeasurePrice>
      <AllowDiscount>1</AllowDiscount>
      <ItemStatus>1</ItemStatus>
    </Item>
    <Item>
      <PriceUpdateDate>2020-10-10 21:30</PriceUpdateDate>
      <ItemCode>5601036205671</ItemCode>
      <ItemType>1</ItemType>
      <ItemName>אקסלנס בלונד זהוב מס7.3'</ItemName>
      <ManufacturerName>ליברמו</ManufacturerName>
      <ManufactureCountry>BE</ManufactureCountry>
      <ManufacturerItemDescription>צבע לשיער אקסלנס</ManufacturerItemDescription>
      <UnitQty>יחידה</UnitQty>
      <Quantity>1.00</Quantity>
      <bIsWeighted>0</bIsWeighted>
      <UnitOfMeasure>יחידה</UnitOfMeasure>
      <QtyInPackage>0</QtyInPackage>
      <ItemPrice>33.90</ItemPrice>
      <UnitOfMeasurePrice>33.90</UnitOfMeasurePrice>
      <AllowDiscount>1</AllowDiscount>
      <ItemStatus>1</ItemStatus>
    </Item>
    <Item>
      <PriceUpdateDate>2020-10-10 21:30</PriceUpdateDate>
      <ItemCode>5601036205695</ItemCode>
      <ItemType>1</ItemType>
      <ItemName>אקסלנס בלונד בהיר מס8.1'</ItemName>
      <ManufacturerName>ליברמו</ManufacturerName>
      <ManufactureCountry>BE</ManufactureCountry>
      <ManufacturerItemDescription>צבע שיער אקסלנס</ManufacturerItemDescription>
      <UnitQty>יחידה</UnitQty>
      <Quantity>1.00</Quantity>
      <bIsWeighted>0</bIsWeighted>
      <UnitOfMeasure>יחידה</UnitOfMeasure>
      <QtyInPackage>0</QtyInPackage>
      <ItemPrice>33.90</ItemPrice>
      <UnitOfMeasurePrice>33.90</UnitOfMeasurePrice>
      <AllowDiscount>1</AllowDiscount>
      <ItemStatus>1</ItemStatus>
    </Item>
    <Item>
      <PriceUpdateDate>2020-10-10 21:30</PriceUpdateDate>
      <ItemCode>5601036205725</ItemCode>
      <ItemType>1</ItemType>
      <ItemName>צבע שיער אקסלנס 10 בלונד</ItemName>
      <ManufacturerName>ליברמו</ManufacturerName>
      <ManufactureCountry>BE</ManufactureCountry>
      <ManufacturerItemDescription>צבע שיער אקסלנס</ManufacturerItemDescription>
      <UnitQty>יחידה</UnitQty>
      <Quantity>1.00</Quantity>
      <bIsWeighted>0</bIsWeighted>
      <UnitOfMeasure>יחידה</UnitOfMeasure>
      <QtyInPackage>0</QtyInPackage>
      <ItemPrice>33.90</ItemPrice>
      <UnitOfMeasurePrice>33.90</UnitOfMeasurePrice>
      <AllowDiscount>1</AllowDiscount>
      <ItemStatus>1</ItemStatus>
    </Item>
    <Item>
      <PriceUpdateDate>2020-10-10 21:30</PriceUpdateDate>
      <ItemCode>5601036206418</ItemCode>
      <ItemType>1</ItemType>
      <ItemName>אקסלנס בלונד בהיר מס01'</ItemName>
      <ManufacturerName>ליברמו</ManufacturerName>
      <ManufactureCountry>BE</ManufactureCountry>
      <ManufacturerItemDescription>צבע לשיער אקסלנס</ManufacturerItemDescription>
      <UnitQty>יחידה</UnitQty>
      <Quantity>1.00</Quantity>
      <bIsWeighted>0</bIsWeighted>
      <UnitOfMeasure>יחידה</UnitOfMeasure>
      <QtyInPackage>0</QtyInPackage>
      <ItemPrice>33.90</ItemPrice>
      <UnitOfMeasurePrice>33.90</UnitOfMeasurePrice>
      <AllowDiscount>1</AllowDiscount>
      <ItemStatus>1</ItemStatus>
    </Item>
    <Item>
      <PriceUpdateDate>2020-01-20 00:14</PriceUpdateDate>
      <ItemCode>5900017062884</ItemCode>
      <ItemType>1</ItemType>
      <ItemName>סופט מיקס פירות יער200מל</ItemName>
      <ManufacturerName>ביירסדורץ</ManufacturerName>
      <ManufactureCountry>DE</ManufactureCountry>
      <ManufacturerItemDescription>סופט מיקס</ManufacturerItemDescription>
      <UnitQty>מיליליטרים</UnitQty>
      <Quantity>200.00</Quantity>
      <bIsWeighted>0</bIsWeighted>
      <UnitOfMeasure>100 מ"ל</UnitOfMeasure>
      <QtyInPackage>1</QtyInPackage>
      <ItemPrice>39.90</ItemPrice>
      <UnitOfMeasurePrice>19.95</UnitOfMeasurePrice>
      <AllowDiscount>1</AllowDiscount>
      <ItemStatus>1</ItemStatus>
    </Item>
    <Item>
      <PriceUpdateDate>2020-01-20 00:14</PriceUpdateDate>
      <ItemCode>5900627027020</ItemCode>
      <ItemType>1</ItemType>
      <ItemName>ויט ק.מקלחת עור רגיל150מ</ItemName>
      <ManufacturerName>רקיט בנקיזר</ManufacturerName>
      <ManufactureCountry>FR</ManufactureCountry>
      <ManufacturerItemDescription>קרם להסרת שיער</ManufacturerItemDescription>
      <UnitQty>מיליליטרים</UnitQty>
      <Quantity>150.00</Quantity>
      <bIsWeighted>0</bIsWeighted>
      <UnitOfMeasure>100 מ"ל</UnitOfMeasure>
      <QtyInPackage>0</QtyInPackage>
      <ItemPrice>48.90</ItemPrice>
      <UnitOfMeasurePrice>32.60</UnitOfMeasurePrice>
      <AllowDiscount>1</AllowDiscount>
      <ItemStatus>1</ItemStatus>
    </Item>
    <Item>
      <PriceUpdateDate>2020-01-20 00:21</PriceUpdateDate>
      <ItemCode>5900627063233</ItemCode>
      <ItemType>1</ItemType>
      <ItemName>פיניש AIO הכל ב1 50 טב'</ItemName>
      <ManufacturerName>רקיט בנקיזר</ManufacturerName>
      <ManufactureCountry>PL</ManufactureCountry>
      <ManufacturerItemDescription>פיניש AIO</ManufacturerItemDescription>
      <UnitQty>יחידה</UnitQty>
      <Quantity>1.00</Quantity>
      <bIsWeighted>0</bIsWeighted>
      <UnitOfMeasure>יחידה</UnitOfMeasure>
      <QtyInPackage>1</QtyInPackage>
      <ItemPrice>49.90</ItemPrice>
      <UnitOfMeasurePrice>49.90</UnitOfMeasurePrice>
      <AllowDiscount>1</AllowDiscount>
      <ItemStatus>1</ItemStatus>
    </Item>
    <Item>
      <PriceUpdateDate>2020-10-10 21:00</PriceUpdateDate>
      <ItemCode>59016441</ItemCode>
      <ItemType>1</ItemType>
      <ItemName>דאו.רקסונהפרוט ספיו 50 מ</ItemName>
      <ManufacturerName>יוניליוור אנגליה, דרך קו</ManufacturerName>
      <ManufactureCountry>GB</ManufactureCountry>
      <ManufacturerItemDescription>דאו.רקסונה</ManufacturerItemDescription>
      <UnitQty>מיליליטרים</UnitQty>
      <Quantity>50.00</Quantity>
      <bIsWeighted>0</bIsWeighted>
      <UnitOfMeasure>100 מ"ל</UnitOfMeasure>
      <QtyInPackage>1</QtyInPackage>
      <ItemPrice>12.90</ItemPrice>
      <UnitOfMeasurePrice>25.80</UnitOfMeasurePrice>
      <AllowDiscount>1</AllowDiscount>
      <ItemStatus>1</ItemStatus>
    </Item>
    <Item>
      <PriceUpdateDate>2020-01-20 00:09</PriceUpdateDate>
      <ItemCode>5902198160403</ItemCode>
      <ItemType>1</ItemType>
      <ItemName>משקה אנרגיה TEN XL</ItemName>
      <ManufacturerName>טמפו משקאות בע"\מ</ManufacturerName>
      <ManufactureCountry>IL</ManufactureCountry>
      <ManufacturerItemDescription>משקה אנרגיה</ManufacturerItemDescription>
      <UnitQty>מיליליטרים</UnitQty>
      <Quantity>250.00</Quantity>
      <bIsWeighted>0</bIsWeighted>
      <UnitOfMeasure>100 מ"ל</UnitOfMeasure>
      <QtyInPackage>1</QtyInPackage>
      <ItemPrice>5.00</ItemPrice>
      <UnitOfMeasurePrice>2.00</UnitOfMeasurePrice>
      <AllowDiscount>1</AllowDiscount>
      <ItemStatus>1</ItemStatus>
    </Item>
    <Item>
      <PriceUpdateDate>2020-01-20 00:09</PriceUpdateDate>
      <ItemCode>5906485301012</ItemCode>
      <ItemType>1</ItemType>
      <ItemName>משקה אנרגיה XL</ItemName>
      <ManufacturerName />
      <ManufactureCountry>IL</ManufactureCountry>
      <ManufacturerItemDescription>משקה אנרגיה XL</ManufacturerItemDescription>
      <UnitQty>מיליליטרים</UnitQty>
      <Quantity>250.00</Quantity>
      <bIsWeighted>0</bIsWeighted>
      <UnitOfMeasure>100 מ"ל</UnitOfMeasure>
      <QtyInPackage>0</QtyInPackage>
      <ItemPrice>5.00</ItemPrice>
      <UnitOfMeasurePrice>2.00</UnitOfMeasurePrice>
      <AllowDiscount>1</AllowDiscount>
      <ItemStatus>1</ItemStatus>
    </Item>
    <Item>
      <PriceUpdateDate>2020-10-10 21:00</PriceUpdateDate>
      <ItemCode>59079378</ItemCode>
      <ItemType>1</ItemType>
      <ItemName>דאו.אקס רול און אייס 50מ</ItemName>
      <ManufacturerName>יוניליוור אנגליה, דרך קו</ManufacturerName>
      <ManufactureCountry>GB</ManufactureCountry>
      <ManufacturerItemDescription>דאודורנט אקס</ManufacturerItemDescription>
      <UnitQty>מיליליטרים</UnitQty>
      <Quantity>50.00</Quantity>
      <bIsWeighted>0</bIsWeighted>
      <UnitOfMeasure>100 מ"ל</UnitOfMeasure>
      <QtyInPackage>1</QtyInPackage>
      <ItemPrice>15.90</ItemPrice>
      <UnitOfMeasurePrice>31.80</UnitOfMeasurePrice>
      <AllowDiscount>1</AllowDiscount>
      <ItemStatus>1</ItemStatus>
    </Item>
    <Item>
      <PriceUpdateDate>2020-10-13 11:50</PriceUpdateDate>
      <ItemCode>59079569</ItemCode>
      <ItemType>1</ItemType>
      <ItemName>דאו.דאב רול און תפוח50מ</ItemName>
      <ManufacturerName>יוניליוור אנגליה, דרך קו</ManufacturerName>
      <ManufactureCountry>GB</ManufactureCountry>
      <ManufacturerItemDescription>דאודורנט דאב</ManufacturerItemDescription>
      <UnitQty>מיליליטרים</UnitQty>
      <Quantity>50.00</Quantity>
      <bIsWeighted>0</bIsWeighted>
      <UnitOfMeasure>100 מ"ל</UnitOfMeasure>
      <QtyInPackage>1</QtyInPackage>
      <ItemPrice>14.90</ItemPrice>
      <UnitOfMeasurePrice>29.80</UnitOfMeasurePrice>
      <AllowDiscount>1</AllowDiscount>
      <ItemStatus>1</ItemStatus>
    </Item>
    <Item>
      <PriceUpdateDate>2020-10-13 11:50</PriceUpdateDate>
      <ItemCode>59081630</ItemCode>
      <ItemType>1</ItemType>
      <ItemName>דאב דאו.רולאון קוקוס50מל</ItemName>
      <ManufacturerName>---</ManufacturerName>
      <ManufactureCountry>GB</ManufactureCountry>
      <ManufacturerItemDescription>דאב דאו.רולאון</ManufacturerItemDescription>
      <UnitQty>מיליליטרים</UnitQty>
      <Quantity>50.00</Quantity>
      <bIsWeighted>0</bIsWeighted>
      <UnitOfMeasure>100 מ"ל</UnitOfMeasure>
      <QtyInPackage>1</QtyInPackage>
      <ItemPrice>14.90</ItemPrice>
      <UnitOfMeasurePrice>29.80</UnitOfMeasurePrice>
      <AllowDiscount>1</AllowDiscount>
      <ItemStatus>1</ItemStatus>
    </Item>
    <Item>
      <PriceUpdateDate>2020-10-10 21:00</PriceUpdateDate>
      <ItemCode>59082521</ItemCode>
      <ItemType>1</ItemType>
      <ItemName>דאו.רקסונה סטיי פרש 50 מ</ItemName>
      <ManufacturerName>יוניליוור</ManufacturerName>
      <ManufactureCountry>GB</ManufactureCountry>
      <ManufacturerItemDescription>דאו.רקסונה</ManufacturerItemDescription>
      <UnitQty>מיליליטרים</UnitQty>
      <Quantity>50.00</Quantity>
      <bIsWeighted>0</bIsWeighted>
      <UnitOfMeasure>100 מ"ל</UnitOfMeasure>
      <QtyInPackage>1</QtyInPackage>
      <ItemPrice>12.90</ItemPrice>
      <UnitOfMeasurePrice>25.80</UnitOfMeasurePrice>
      <AllowDiscount>1</AllowDiscount>
      <ItemStatus>1</ItemStatus>
    </Item>
    <Item>
      <PriceUpdateDate>2020-10-10 21:00</PriceUpdateDate>
      <ItemCode>59082637</ItemCode>
      <ItemType>1</ItemType>
      <ItemName>רקסונה מן רול און קול50מ</ItemName>
      <ManufacturerName>---</ManufacturerName>
      <ManufactureCountry>GB</ManufactureCountry>
      <ManufacturerItemDescription>רקסונה רול און</ManufacturerItemDescription>
      <UnitQty>מיליליטרים</UnitQty>
      <Quantity>50.00</Quantity>
      <bIsWeighted>0</bIsWeighted>
      <UnitOfMeasure>100 מ"ל</UnitOfMeasure>
      <QtyInPackage>1</QtyInPackage>
      <ItemPrice>12.90</ItemPrice>
      <UnitOfMeasurePrice>25.80</UnitOfMeasurePrice>
      <AllowDiscount>1</AllowDiscount>
      <ItemStatus>1</ItemStatus>
    </Item>
    <Item>
      <PriceUpdateDate>2020-10-10 20:20</PriceUpdateDate>
      <ItemCode>6001051002320</ItemCode>
      <ItemType>1</ItemType>
      <ItemName>לבלו בטעם וניל</ItemName>
      <ManufacturerName>ביירסדורף</ManufacturerName>
      <ManufactureCountry>DE</ManufactureCountry>
      <ManufacturerItemDescription>לבלו וניל</ManufacturerItemDescription>
      <UnitQty>יחידה</UnitQty>
      <Quantity>1.00</Quantity>
      <bIsWeighted>0</bIsWeighted>
      <UnitOfMeasure>יחידה</UnitOfMeasure>
      <QtyInPackage>0</QtyInPackage>
      <ItemPrice>9.90</ItemPrice>
      <UnitOfMeasurePrice>9.90</UnitOfMeasurePrice>
      <AllowDiscount>1</AllowDiscount>
      <ItemStatus>1</ItemStatus>
    </Item>
    <Item>
      <PriceUpdateDate>2020-01-20 00:14</PriceUpdateDate>
      <ItemCode>6001067017523</ItemCode>
      <ItemType>1</ItemType>
      <ItemName>מברשת שיניים ילדים גיל+6</ItemName>
      <ManufacturerName>קולגייט- פלמוליב</ManufacturerName>
      <ManufactureCountry>CN</ManufactureCountry>
      <ManufacturerItemDescription>מברשת שיניים</ManufacturerItemDescription>
      <UnitQty>יחידה</UnitQty>
      <Quantity>1.00</Quantity>
      <bIsWeighted>0</bIsWeighted>
      <UnitOfMeasure>יחידה</UnitOfMeasure>
      <QtyInPackage>0</QtyInPackage>
      <ItemPrice>13.90</ItemPrice>
      <UnitOfMeasurePrice>13.90</UnitOfMeasurePrice>
      <AllowDiscount>1</AllowDiscount>
      <ItemStatus>1</ItemStatus>
    </Item>
    <Item>
      <PriceUpdateDate>2020-01-20 00:14</PriceUpdateDate>
      <ItemCode>6001067017530</ItemCode>
      <ItemType>1</ItemType>
      <ItemName>מברשת ילדים באטמן/ברבי</ItemName>
      <ManufacturerName>קולגייט- פלמוליב</ManufacturerName>
      <ManufactureCountry>CN</ManufactureCountry>
      <ManufacturerItemDescription>מברשת לילדים</ManufacturerItemDescription>
      <UnitQty>יחידה</UnitQty>
      <Quantity>1.00</Quantity>
      <bIsWeighted>0</bIsWeighted>
      <UnitOfMeasure>יחידה</UnitOfMeasure>
      <QtyInPackage>0</QtyInPackage>
      <ItemPrice>13.90</ItemPrice>
      <UnitOfMeasurePrice>13.90</UnitOfMeasurePrice>
      <AllowDiscount>1</AllowDiscount>
      <ItemStatus>1</ItemStatus>
    </Item>
    <Item>
      <PriceUpdateDate>2020-10-10 22:40</PriceUpdateDate>
      <ItemCode>6085010044712</ItemCode>
      <ItemType>1</ItemType>
      <ItemName>nuit de club אדט גבר105מ</ItemName>
      <ManufacturerName>פרפיום קוסמטיקס</ManufacturerName>
      <ManufactureCountry>IL</ManufactureCountry>
      <ManufacturerItemDescription>nuit de club</ManufacturerItemDescription>
      <UnitQty>מיליליטרים</UnitQty>
      <Quantity>105.00</Quantity>
      <bIsWeighted>0</bIsWeighted>
      <UnitOfMeasure>100 מ"ל</UnitOfMeasure>
      <QtyInPackage>1</QtyInPackage>
      <ItemPrice>129.00</ItemPrice>
      <UnitOfMeasurePrice>122.86</UnitOfMeasurePrice>
      <AllowDiscount>1</AllowDiscount>
      <ItemStatus>1</ItemStatus>
    </Item>
    <Item>
      <PriceUpdateDate>2020-10-10 22:40</PriceUpdateDate>
      <ItemCode>6085010094151</ItemCode>
      <ItemType>1</ItemType>
      <ItemName>nuit de club אדפ אשה105מ</ItemName>
      <ManufacturerName>כללי</ManufacturerName>
      <ManufactureCountry>IL</ManufactureCountry>
      <ManufacturerItemDescription>nuit de club א.ד</ManufacturerItemDescription>
      <UnitQty>מיליליטרים</UnitQty>
      <Quantity>105.00</Quantity>
      <bIsWeighted>0</bIsWeighted>
      <UnitOfMeasure>100 מ"ל</UnitOfMeasure>
      <QtyInPackage>1</QtyInPackage>
      <ItemPrice>99.00</ItemPrice>
      <UnitOfMeasurePrice>94.28</UnitOfMeasurePrice>
      <AllowDiscount>1</AllowDiscount>
      <ItemStatus>1</ItemStatus>
    </Item>
    <Item>
      <PriceUpdateDate>2020-03-12 23:28</PriceUpdateDate>
      <ItemCode>6085010094342</ItemCode>
      <ItemType>1</ItemType>
      <ItemName>קלאב דה נואי לאישה 150 מ</ItemName>
      <ManufacturerName>כללי</ManufacturerName>
      <ManufactureCountry>IL</ManufactureCountry>
      <ManufacturerItemDescription>קלאב דה נואי</ManufacturerItemDescription>
      <UnitQty>מיליליטרים</UnitQty>
      <Quantity>150.00</Quantity>
      <bIsWeighted>0</bIsWeighted>
      <UnitOfMeasure>100 מ"ל</UnitOfMeasure>
      <QtyInPackage>1</QtyInPackage>
      <ItemPrice>19.90</ItemPrice>
      <UnitOfMeasurePrice>13.27</UnitOfMeasurePrice>
      <AllowDiscount>1</AllowDiscount>
      <ItemStatus>1</ItemStatus>
    </Item>
    <Item>
      <PriceUpdateDate>2020-10-10 22:40</PriceUpdateDate>
      <ItemCode>608940543313</ItemCode>
      <ItemType>1</ItemType>
      <ItemName>Fleur Reb'l אדפ לאשה100מ</ItemName>
      <ManufacturerName>אלפא בישום</ManufacturerName>
      <ManufactureCountry>IL</ManufactureCountry>
      <ManufacturerItemDescription>Fleur Reb'l לאשה</ManufacturerItemDescription>
      <UnitQty>מיליליטרים</UnitQty>
      <Quantity>100.00</Quantity>
      <bIsWeighted>0</bIsWeighted>
      <UnitOfMeasure>100 מ"ל</UnitOfMeasure>
      <QtyInPackage>0</QtyInPackage>
      <ItemPrice>99.00</ItemPrice>
      <UnitOfMeasurePrice>99.00</UnitOfMeasurePrice>
      <AllowDiscount>1</AllowDiscount>
      <ItemStatus>1</ItemStatus>
    </Item>
    <Item>
      <PriceUpdateDate>2020-10-11 23:00</PriceUpdateDate>
      <ItemCode>608940574706</ItemCode>
      <ItemType>1</ItemType>
      <ItemName>EDP ALWAYS LOVE RRF 100</ItemName>
      <ManufacturerName>כללי</ManufacturerName>
      <ManufactureCountry>US</ManufactureCountry>
      <ManufacturerItemDescription>ALWAYS LOVE RRF</ManufacturerItemDescription>
      <UnitQty>מיליליטרים</UnitQty>
      <Quantity>100.00</Quantity>
      <bIsWeighted>0</bIsWeighted>
      <UnitOfMeasure>100 מ"ל</UnitOfMeasure>
      <QtyInPackage>1</QtyInPackage>
      <ItemPrice>99.00</ItemPrice>
      <UnitOfMeasurePrice>99.00</UnitOfMeasurePrice>
      <AllowDiscount>1</AllowDiscount>
      <ItemStatus>1</ItemStatus>
    </Item>
    <Item>
      <PriceUpdateDate>2020-04-02 14:11</PriceUpdateDate>
      <ItemCode>6253016622009</ItemCode>
      <ItemType>1</ItemType>
      <ItemName>הייג'ל  הגייני לילדים60מ</ItemName>
      <ManufacturerName>---</ManufacturerName>
      <ManufactureCountry>IL</ManufactureCountry>
      <ManufacturerItemDescription>הייג'ל  הגייני</ManufacturerItemDescription>
      <UnitQty>מיליליטרים</UnitQty>
      <Quantity>60.00</Quantity>
      <bIsWeighted>0</bIsWeighted>
      <UnitOfMeasure>100 מ"ל</UnitOfMeasure>
      <QtyInPackage>1</QtyInPackage>
      <ItemPrice>7.90</ItemPrice>
      <UnitOfMeasurePrice>13.17</UnitOfMeasurePrice>
      <AllowDiscount>1</AllowDiscount>
      <ItemStatus>1</ItemStatus>
    </Item>
    <Item>
      <PriceUpdateDate>2020-09-11 05:42</PriceUpdateDate>
      <ItemCode>6291100130566</ItemCode>
      <ItemType>1</ItemType>
      <ItemName>עיוני אדפ 100 מ"ל</ItemName>
      <ManufacturerName>כללי</ManufacturerName>
      <ManufactureCountry>IL</ManufactureCountry>
      <ManufacturerItemDescription>עיוני אדפ</ManufacturerItemDescription>
      <UnitQty>מיליליטרים</UnitQty>
      <Quantity>100.00</Quantity>
      <bIsWeighted>0</bIsWeighted>
      <UnitOfMeasure>100 מ"ל</UnitOfMeasure>
      <QtyInPackage>1</QtyInPackage>
      <ItemPrice>249.00</ItemPrice>
      <UnitOfMeasurePrice>249.00</UnitOfMeasurePrice>
      <AllowDiscount>1</AllowDiscount>
      <ItemStatus>1</ItemStatus>
    </Item>
    <Item>
      <PriceUpdateDate>2020-10-10 22:40</PriceUpdateDate>
      <ItemCode>6291100131716</ItemCode>
      <ItemType>1</ItemType>
      <ItemName>EDITION GOLD OUD AMBER</ItemName>
      <ManufacturerName>פריסיס</ManufacturerName>
      <ManufactureCountry>IL</ManufactureCountry>
      <ManufacturerItemDescription>GOLD OUD AMBER</ManufacturerItemDescription>
      <UnitQty>מיליליטרים</UnitQty>
      <Quantity>60.00</Quantity>
      <bIsWeighted>0</bIsWeighted>
      <UnitOfMeasure>100 מ"ל</UnitOfMeasure>
      <QtyInPackage>1</QtyInPackage>
      <ItemPrice>199.00</ItemPrice>
      <UnitOfMeasurePrice>331.67</UnitOfMeasurePrice>
      <AllowDiscount>1</AllowDiscount>
      <ItemStatus>1</ItemStatus>
    </Item>
    <Item>
      <PriceUpdateDate>2020-01-31 05:46</PriceUpdateDate>
      <ItemCode>6291104444911</ItemCode>
      <ItemType>1</ItemType>
      <ItemName>מארז VINTAGE</ItemName>
      <ManufacturerName>כללי</ManufacturerName>
      <ManufactureCountry />
      <ManufacturerItemDescription>מארז VINTAGE</ManufacturerItemDescription>
      <UnitQty>יחידה</UnitQty>
      <Quantity>1.00</Quantity>
      <bIsWeighted>0</bIsWeighted>
      <UnitOfMeasure>יחידה</UnitOfMeasure>
      <QtyInPackage>0</QtyInPackage>
      <ItemPrice>22.00</ItemPrice>
      <UnitOfMeasurePrice>22.00</UnitOfMeasurePrice>
      <AllowDiscount>1</AllowDiscount>
      <ItemStatus>1</ItemStatus>
    </Item>
    <Item>
      <PriceUpdateDate>2020-07-10 05:56</PriceUpdateDate>
      <ItemCode>6291104445109</ItemCode>
      <ItemType>1</ItemType>
      <ItemName>מארז כלוב מוקטן יח'</ItemName>
      <ManufacturerName>כללי</ManufacturerName>
      <ManufactureCountry>IL</ManufactureCountry>
      <ManufacturerItemDescription>מארז כלוב מוקטן</ManufacturerItemDescription>
      <UnitQty>יחידה</UnitQty>
      <Quantity>1.00</Quantity>
      <bIsWeighted>0</bIsWeighted>
      <UnitOfMeasure>יחידה</UnitOfMeasure>
      <QtyInPackage>1</QtyInPackage>
      <ItemPrice>19.90</ItemPrice>
      <UnitOfMeasurePrice>19.90</UnitOfMeasurePrice>
      <AllowDiscount>1</AllowDiscount>
      <ItemStatus>1</ItemStatus>
    </Item>
    <Item>
      <PriceUpdateDate>2020-03-12 23:28</PriceUpdateDate>
      <ItemCode>6294015102413</ItemCode>
      <ItemType>1</ItemType>
      <ItemName>קלאב דה נואי לגבר 150מ"ל</ItemName>
      <ManufacturerName>כללי</ManufacturerName>
      <ManufactureCountry>IL</ManufactureCountry>
      <ManufacturerItemDescription>קלאב דה נואי</ManufacturerItemDescription>
      <UnitQty>מיליליטרים</UnitQty>
      <Quantity>150.00</Quantity>
      <bIsWeighted>0</bIsWeighted>
      <UnitOfMeasure>100 מ"ל</UnitOfMeasure>
      <QtyInPackage>1</QtyInPackage>
      <ItemPrice>19.90</ItemPrice>
      <UnitOfMeasurePrice>13.27</UnitOfMeasurePrice>
      <AllowDiscount>1</AllowDiscount>
      <ItemStatus>1</ItemStatus>
    </Item>
    <Item>
      <PriceUpdateDate>2020-01-20 00:14</PriceUpdateDate>
      <ItemCode>651080161510</ItemCode>
      <ItemType>1</ItemType>
      <ItemName>35 קיסם עם חוט ג'ורדן</ItemName>
      <ManufacturerName>קלרו</ManufacturerName>
      <ManufactureCountry>CN</ManufactureCountry>
      <ManufacturerItemDescription>קיסם עם חוט</ManufacturerItemDescription>
      <UnitQty>יחידה</UnitQty>
      <Quantity>1.00</Quantity>
      <bIsWeighted>0</bIsWeighted>
      <UnitOfMeasure>יחידה</UnitOfMeasure>
      <QtyInPackage>1</QtyInPackage>
      <ItemPrice>12.90</ItemPrice>
      <UnitOfMeasurePrice>12.90</UnitOfMeasurePrice>
      <AllowDiscount>1</AllowDiscount>
      <ItemStatus>1</ItemStatus>
    </Item>
    <Item>
      <PriceUpdateDate>2020-01-20 00:14</PriceUpdateDate>
      <ItemCode>651080366519</ItemCode>
      <ItemType>1</ItemType>
      <ItemName>פלאקרס "טווין ליין"</ItemName>
      <ManufacturerName>ג'ורדן</ManufacturerName>
      <ManufactureCountry>IL</ManufactureCountry>
      <ManufacturerItemDescription>פלאקרס טווין ליי</ManufacturerItemDescription>
      <UnitQty>יחידה</UnitQty>
      <Quantity>1.00</Quantity>
      <bIsWeighted>0</bIsWeighted>
      <UnitOfMeasure>יחידה</UnitOfMeasure>
      <QtyInPackage>0</QtyInPackage>
      <ItemPrice>13.90</ItemPrice>
      <UnitOfMeasurePrice>13.90</UnitOfMeasurePrice>
      <AllowDiscount>1</AllowDiscount>
      <ItemStatus>1</ItemStatus>
    </Item>
    <Item>
      <PriceUpdateDate>2020-01-20 00:14</PriceUpdateDate>
      <ItemCode>651080647519</ItemCode>
      <ItemType>1</ItemType>
      <ItemName>36קיסם +חוט מנטה ג'ורדן</ItemName>
      <ManufacturerName>קלרו</ManufacturerName>
      <ManufactureCountry>US</ManufactureCountry>
      <ManufacturerItemDescription>קיסם עם חוט</ManufacturerItemDescription>
      <UnitQty>יחידה</UnitQty>
      <Quantity>1.00</Quantity>
      <bIsWeighted>0</bIsWeighted>
      <UnitOfMeasure>יחידה</UnitOfMeasure>
      <QtyInPackage>1</QtyInPackage>
      <ItemPrice>12.90</ItemPrice>
      <UnitOfMeasurePrice>12.90</UnitOfMeasurePrice>
      <AllowDiscount>1</AllowDiscount>
      <ItemStatus>1</ItemStatus>
    </Item>
    <Item>
      <PriceUpdateDate>2020-10-10 22:10</PriceUpdateDate>
      <ItemCode>667538086175</ItemCode>
      <ItemType>1</ItemType>
      <ItemName>בודי ספריי אמבר רומנס250</ItemName>
      <ManufacturerName>ויקטוריה סיקרט</ManufacturerName>
      <ManufactureCountry>US</ManufactureCountry>
      <ManufacturerItemDescription>בודי ספריי</ManufacturerItemDescription>
      <UnitQty>מיליליטרים</UnitQty>
      <Quantity>250.00</Quantity>
      <bIsWeighted>0</bIsWeighted>
      <UnitOfMeasure>100 מ"ל</UnitOfMeasure>
      <QtyInPackage>1</QtyInPackage>
      <ItemPrice>49.90</ItemPrice>
      <UnitOfMeasurePrice>19.96</UnitOfMeasurePrice>
      <AllowDiscount>1</AllowDiscount>
      <ItemStatus>1</ItemStatus>
    </Item>
    <Item>
      <PriceUpdateDate>2020-10-10 22:10</PriceUpdateDate>
      <ItemCode>667538086205</ItemCode>
      <ItemType>1</ItemType>
      <ItemName>ספריי גוף טוטל אטרקש250מ</ItemName>
      <ManufacturerName>ויקטוריה סיקרט</ManufacturerName>
      <ManufactureCountry>IL</ManufactureCountry>
      <ManufacturerItemDescription>ספריי גוף טוטל</ManufacturerItemDescription>
      <UnitQty>מיליליטרים</UnitQty>
      <Quantity>250.00</Quantity>
      <bIsWeighted>0</bIsWeighted>
      <UnitOfMeasure>100 מ"ל</UnitOfMeasure>
      <QtyInPackage>1</QtyInPackage>
      <ItemPrice>49.90</ItemPrice>
      <UnitOfMeasurePrice>19.96</UnitOfMeasurePrice>
      <AllowDiscount>1</AllowDiscount>
      <ItemStatus>1</ItemStatus>
    </Item>
    <Item>
      <PriceUpdateDate>2020-10-10 22:10</PriceUpdateDate>
      <ItemCode>667548099165</ItemCode>
      <ItemType>1</ItemType>
      <ItemName>בודי ספריי ולווט פתאל250</ItemName>
      <ManufacturerName>ויקטוריה סיקרט</ManufacturerName>
      <ManufactureCountry>IL</ManufactureCountry>
      <ManufacturerItemDescription>בודי ספריי ולווט</ManufacturerItemDescription>
      <UnitQty>מיליליטרים</UnitQty>
      <Quantity>250.00</Quantity>
      <bIsWeighted>0</bIsWeighted>
      <UnitOfMeasure>100 מ"ל</UnitOfMeasure>
      <QtyInPackage>1</QtyInPackage>
      <ItemPrice>49.90</ItemPrice>
      <UnitOfMeasurePrice>19.96</UnitOfMeasurePrice>
      <AllowDiscount>1</AllowDiscount>
      <ItemStatus>1</ItemStatus>
    </Item>
    <Item>
      <PriceUpdateDate>2020-10-10 22:10</PriceUpdateDate>
      <ItemCode>667549011548</ItemCode>
      <ItemType>1</ItemType>
      <ItemName>בודי ספריי טמפטיישן250מל</ItemName>
      <ManufacturerName>ויקטוריה סיקרט</ManufacturerName>
      <ManufactureCountry>US</ManufactureCountry>
      <ManufacturerItemDescription>בודי ספריי</ManufacturerItemDescription>
      <UnitQty>מיליליטרים</UnitQty>
      <Quantity>250.00</Quantity>
      <bIsWeighted>0</bIsWeighted>
      <UnitOfMeasure>100 מ"ל</UnitOfMeasure>
      <QtyInPackage>1</QtyInPackage>
      <ItemPrice>49.90</ItemPrice>
      <UnitOfMeasurePrice>19.96</UnitOfMeasurePrice>
      <AllowDiscount>1</AllowDiscount>
      <ItemStatus>1</ItemStatus>
    </Item>
    <Item>
      <PriceUpdateDate>2020-10-10 22:10</PriceUpdateDate>
      <ItemCode>667549011562</ItemCode>
      <ItemType>1</ItemType>
      <ItemName>בודי ספריי ראש 250 מ"ל</ItemName>
      <ManufacturerName>ויקטוריה סיקרט</ManufacturerName>
      <ManufactureCountry>IL</ManufactureCountry>
      <ManufacturerItemDescription>בודי ספריי ראש</ManufacturerItemDescription>
      <UnitQty>מיליליטרים</UnitQty>
      <Quantity>250.00</Quantity>
      <bIsWeighted>0</bIsWeighted>
      <UnitOfMeasure>100 מ"ל</UnitOfMeasure>
      <QtyInPackage>1</QtyInPackage>
      <ItemPrice>49.90</ItemPrice>
      <UnitOfMeasurePrice>19.96</UnitOfMeasurePrice>
      <AllowDiscount>1</AllowDiscount>
      <ItemStatus>1</ItemStatus>
    </Item>
    <Item>
      <PriceUpdateDate>2020-01-20 00:14</PriceUpdateDate>
      <ItemCode>693102400092</ItemCode>
      <ItemType>1</ItemType>
      <ItemName>פריימר אבסולוט קאוור 30</ItemName>
      <ManufacturerName>OFRA</ManufacturerName>
      <ManufactureCountry>IL</ManufactureCountry>
      <ManufacturerItemDescription>פריימר אבסולוט ק</ManufacturerItemDescription>
      <UnitQty>מיליליטרים</UnitQty>
      <Quantity>30.00</Quantity>
      <bIsWeighted>0</bIsWeighted>
      <UnitOfMeasure>100 מ"ל</UnitOfMeasure>
      <QtyInPackage>1</QtyInPackage>
      <ItemPrice>109.00</ItemPrice>
      <UnitOfMeasurePrice>363.33</UnitOfMeasurePrice>
      <AllowDiscount>1</AllowDiscount>
      <ItemStatus>1</ItemStatus>
    </Item>
    <Item>
      <PriceUpdateDate>2020-10-10 22:40</PriceUpdateDate>
      <ItemCode>693493053624</ItemCode>
      <ItemType>1</ItemType>
      <ItemName>צ'רוטי 1881 אדט 100 מ"ל</ItemName>
      <ManufacturerName>כללי</ManufacturerName>
      <ManufactureCountry>IL</ManufactureCountry>
      <ManufacturerItemDescription>צ'רוטי 1881 אדט</ManufacturerItemDescription>
      <UnitQty>מיליליטרים</UnitQty>
      <Quantity>100.00</Quantity>
      <bIsWeighted>0</bIsWeighted>
      <UnitOfMeasure>100 מ"ל</UnitOfMeasure>
      <QtyInPackage>1</QtyInPackage>
      <ItemPrice>149.00</ItemPrice>
      <UnitOfMeasurePrice>149.00</UnitOfMeasurePrice>
      <AllowDiscount>1</AllowDiscount>
      <ItemStatus>1</ItemStatus>
    </Item>
    <Item>
      <PriceUpdateDate>2020-10-10 22:40</PriceUpdateDate>
      <ItemCode>693493053969</ItemCode>
      <ItemType>1</ItemType>
      <ItemName>פיור מאסק 50 מ"ל</ItemName>
      <ManufacturerName>נרסיסו רדריגז</ManufacturerName>
      <ManufactureCountry>IL</ManufactureCountry>
      <ManufacturerItemDescription>פיור מאסק</ManufacturerItemDescription>
      <UnitQty>מיליליטרים</UnitQty>
      <Quantity>50.00</Quantity>
      <bIsWeighted>0</bIsWeighted>
      <UnitOfMeasure>100 מ"ל</UnitOfMeasure>
      <QtyInPackage>1</QtyInPackage>
      <ItemPrice>315.00</ItemPrice>
      <UnitOfMeasurePrice>630.00</UnitOfMeasurePrice>
      <AllowDiscount>1</AllowDiscount>
      <ItemStatus>1</ItemStatus>
    </Item>
    <Item>
      <PriceUpdateDate>2020-10-10 22:40</PriceUpdateDate>
      <ItemCode>693493053983</ItemCode>
      <ItemType>1</ItemType>
      <ItemName>נרסיסו אדפ 90 מ"ל</ItemName>
      <ManufacturerName>נרסיסו רדריגז</ManufacturerName>
      <ManufactureCountry>IL</ManufactureCountry>
      <ManufacturerItemDescription>נרסיסו אדפ</ManufacturerItemDescription>
      <UnitQty>מיליליטרים</UnitQty>
      <Quantity>90.00</Quantity>
      <bIsWeighted>0</bIsWeighted>
      <UnitOfMeasure>100 מ"ל</UnitOfMeasure>
      <QtyInPackage>1</QtyInPackage>
      <ItemPrice>449.00</ItemPrice>
      <UnitOfMeasurePrice>498.89</UnitOfMeasurePrice>
      <AllowDiscount>1</AllowDiscount>
      <ItemStatus>1</ItemStatus>
    </Item>
    <Item>
      <PriceUpdateDate>2020-01-20 00:13</PriceUpdateDate>
      <ItemCode>693493054157</ItemCode>
      <ItemType>1</ItemType>
      <ItemName>ESSENITAL אדט 125 מ"ל</ItemName>
      <ManufacturerName>כללי</ManufacturerName>
      <ManufactureCountry>IL</ManufactureCountry>
      <ManufacturerItemDescription>ESSENITAL אדט</ManufacturerItemDescription>
      <UnitQty>מיליליטרים</UnitQty>
      <Quantity>125.00</Quantity>
      <bIsWeighted>0</bIsWeighted>
      <UnitOfMeasure>100 מ"ל</UnitOfMeasure>
      <QtyInPackage>1</QtyInPackage>
      <ItemPrice>198.00</ItemPrice>
      <UnitOfMeasurePrice>158.40</UnitOfMeasurePrice>
      <AllowDiscount>1</AllowDiscount>
      <ItemStatus>1</ItemStatus>
    </Item>
    <Item>
      <PriceUpdateDate>2020-02-12 18:25</PriceUpdateDate>
      <ItemCode>693493058445</ItemCode>
      <ItemType>1</ItemType>
      <ItemName>גילטי אדפ 90 מ"ל</ItemName>
      <ManufacturerName>כללי</ManufacturerName>
      <ManufactureCountry>IL</ManufactureCountry>
      <ManufacturerItemDescription>גילטי אדפ</ManufacturerItemDescription>
      <UnitQty>מיליליטרים</UnitQty>
      <Quantity>90.00</Quantity>
      <bIsWeighted>0</bIsWeighted>
      <UnitOfMeasure>100 מ"ל</UnitOfMeasure>
      <QtyInPackage>1</QtyInPackage>
      <ItemPrice>369.00</ItemPrice>
      <UnitOfMeasurePrice>410.00</UnitOfMeasurePrice>
      <AllowDiscount>1</AllowDiscount>
      <ItemStatus>1</ItemStatus>
    </Item>
    <Item>
      <PriceUpdateDate>2020-01-31 05:46</PriceUpdateDate>
      <ItemCode>697045154432</ItemCode>
      <ItemType>1</ItemType>
      <ItemName>קרם לחות מרגיע לפנים 50מ</ItemName>
      <ManufacturerName>כללי</ManufacturerName>
      <ManufactureCountry />
      <ManufacturerItemDescription>קרם לחות מרגיע ל</ManufacturerItemDescription>
      <UnitQty>יחידה</UnitQty>
      <Quantity>1.00</Quantity>
      <bIsWeighted>0</bIsWeighted>
      <UnitOfMeasure>יחידה</UnitOfMeasure>
      <QtyInPackage>0</QtyInPackage>
      <ItemPrice>240.00</ItemPrice>
      <UnitOfMeasurePrice>240.00</UnitOfMeasurePrice>
      <AllowDiscount>1</AllowDiscount>
      <ItemStatus>1</ItemStatus>
    </Item>
    <Item>
      <PriceUpdateDate>2020-10-11 17:20</PriceUpdateDate>
      <ItemCode>6973350163388</ItemCode>
      <ItemType>1</ItemType>
      <ItemName>50 מסיכות כירורגיות 3 שכ</ItemName>
      <ManufacturerName>כללי</ManufacturerName>
      <ManufactureCountry>IL</ManufactureCountry>
      <ManufacturerItemDescription>50 מסיכות כירורג</ManufacturerItemDescription>
      <UnitQty>יחידה</UnitQty>
      <Quantity>1.00</Quantity>
      <bIsWeighted>0</bIsWeighted>
      <UnitOfMeasure>יחידה</UnitOfMeasure>
      <QtyInPackage>1</QtyInPackage>
      <ItemPrice>19.90</ItemPrice>
      <UnitOfMeasurePrice>19.90</UnitOfMeasurePrice>
      <AllowDiscount>1</AllowDiscount>
      <ItemStatus>1</ItemStatus>
    </Item>
    <Item>
      <PriceUpdateDate>2020-01-20 00:14</PriceUpdateDate>
      <ItemCode>7038513902002</ItemCode>
      <ItemType>1</ItemType>
      <ItemName>מברשת ג'ורדן לתותבות</ItemName>
      <ManufacturerName>ג'ורדן</ManufacturerName>
      <ManufactureCountry />
      <ManufacturerItemDescription>מברשת שיניים</ManufacturerItemDescription>
      <UnitQty>יחידה</UnitQty>
      <Quantity>1.00</Quantity>
      <bIsWeighted>0</bIsWeighted>
      <UnitOfMeasure>יחידה</UnitOfMeasure>
      <QtyInPackage>0</QtyInPackage>
      <ItemPrice>14.90</ItemPrice>
      <UnitOfMeasurePrice>14.90</UnitOfMeasurePrice>
      <AllowDiscount>1</AllowDiscount>
      <ItemStatus>1</ItemStatus>
    </Item>
    <Item>
      <PriceUpdateDate>2020-01-20 00:14</PriceUpdateDate>
      <ItemCode>7038513908400</ItemCode>
      <ItemType>1</ItemType>
      <ItemName>20 קיסם ג'ורדן מבריש</ItemName>
      <ManufacturerName>ג'ורדן</ManufacturerName>
      <ManufactureCountry />
      <ManufacturerItemDescription>קיסם ג'ורדן</ManufacturerItemDescription>
      <UnitQty>יחידה</UnitQty>
      <Quantity>1.00</Quantity>
      <bIsWeighted>0</bIsWeighted>
      <UnitOfMeasure>יחידה</UnitOfMeasure>
      <QtyInPackage>0</QtyInPackage>
      <ItemPrice>25.90</ItemPrice>
      <UnitOfMeasurePrice>25.90</UnitOfMeasurePrice>
      <AllowDiscount>1</AllowDiscount>
      <ItemStatus>1</ItemStatus>
    </Item>
    <Item>
      <PriceUpdateDate>2020-01-20 00:14</PriceUpdateDate>
      <ItemCode>7038513909018</ItemCode>
      <ItemType>1</ItemType>
      <ItemName>קיסמי שיניים ג'ורדן דקים</ItemName>
      <ManufacturerName>קלרו</ManufacturerName>
      <ManufactureCountry>NO</ManufactureCountry>
      <ManufacturerItemDescription>קיסמי שיניים</ManufacturerItemDescription>
      <UnitQty>יחידה</UnitQty>
      <Quantity>1.00</Quantity>
      <bIsWeighted>0</bIsWeighted>
      <UnitOfMeasure>יחידה</UnitOfMeasure>
      <QtyInPackage>0</QtyInPackage>
      <ItemPrice>22.90</ItemPrice>
      <UnitOfMeasurePrice>22.90</UnitOfMeasurePrice>
      <AllowDiscount>1</AllowDiscount>
      <ItemStatus>1</ItemStatus>
    </Item>
    <Item>
      <PriceUpdateDate>2020-01-20 00:14</PriceUpdateDate>
      <ItemCode>7038516140357</ItemCode>
      <ItemType>1</ItemType>
      <ItemName>4מברשת ג'ורדן טוטל סופט</ItemName>
      <ManufacturerName>קלרו</ManufacturerName>
      <ManufactureCountry>NO</ManufactureCountry>
      <ManufacturerItemDescription>מברשת שיניים</ManufacturerItemDescription>
      <UnitQty>יחידה</UnitQty>
      <Quantity>1.00</Quantity>
      <bIsWeighted>0</bIsWeighted>
      <UnitOfMeasure>יחידה</UnitOfMeasure>
      <QtyInPackage>0</QtyInPackage>
      <ItemPrice>20.90</ItemPrice>
      <UnitOfMeasurePrice>20.90</UnitOfMeasurePrice>
      <AllowDiscount>1</AllowDiscount>
      <ItemStatus>1</ItemStatus>
    </Item>
    <Item>
      <PriceUpdateDate>2020-10-10 21:00</PriceUpdateDate>
      <ItemCode>7046110028001</ItemCode>
      <ItemType>1</ItemType>
      <ItemName>מברשת שיניים גרין קלין</ItemName>
      <ManufacturerName>---</ManufacturerName>
      <ManufactureCountry>MY</ManufactureCountry>
      <ManufacturerItemDescription>מברשת שיניים גרי</ManufacturerItemDescription>
      <UnitQty>יחידה</UnitQty>
      <Quantity>1.00</Quantity>
      <bIsWeighted>0</bIsWeighted>
      <UnitOfMeasure>יחידה</UnitOfMeasure>
      <QtyInPackage>1</QtyInPackage>
      <ItemPrice>10.00</ItemPrice>
      <UnitOfMeasurePrice>10.00</UnitOfMeasurePrice>
      <AllowDiscount>1</AllowDiscount>
      <ItemStatus>1</ItemStatus>
    </Item>
    <Item>
      <PriceUpdateDate>2020-01-20 00:14</PriceUpdateDate>
      <ItemCode>7046110030608</ItemCode>
      <ItemType>1</ItemType>
      <ItemName>מארז זוג מברשות טרגט סנס</ItemName>
      <ManufacturerName>---</ManufacturerName>
      <ManufactureCountry>MY</ManufactureCountry>
      <ManufacturerItemDescription>מארז זוג מברשות</ManufacturerItemDescription>
      <UnitQty>יחידה</UnitQty>
      <Quantity>1.00</Quantity>
      <bIsWeighted>0</bIsWeighted>
      <UnitOfMeasure>יחידה</UnitOfMeasure>
      <QtyInPackage>1</QtyInPackage>
      <ItemPrice>24.00</ItemPrice>
      <UnitOfMeasurePrice>24.00</UnitOfMeasurePrice>
      <AllowDiscount>1</AllowDiscount>
      <ItemStatus>1</ItemStatus>
    </Item>
    <Item>
      <PriceUpdateDate>2020-01-20 00:14</PriceUpdateDate>
      <ItemCode>7046110064016</ItemCode>
      <ItemType>1</ItemType>
      <ItemName>2מברשות ג'ורדן לילדים3-5</ItemName>
      <ManufacturerName>קלרו</ManufacturerName>
      <ManufactureCountry>MY</ManufactureCountry>
      <ManufacturerItemDescription>מברשות שיניים</ManufacturerItemDescription>
      <UnitQty>יחידה</UnitQty>
      <Quantity>1.00</Quantity>
      <bIsWeighted>0</bIsWeighted>
      <UnitOfMeasure>יחידה</UnitOfMeasure>
      <QtyInPackage>0</QtyInPackage>
      <ItemPrice>24.90</ItemPrice>
      <UnitOfMeasurePrice>24.90</UnitOfMeasurePrice>
      <AllowDiscount>1</AllowDiscount>
      <ItemStatus>1</ItemStatus>
    </Item>
    <Item>
      <PriceUpdateDate>2020-01-20 00:14</PriceUpdateDate>
      <ItemCode>7046110064139</ItemCode>
      <ItemType>1</ItemType>
      <ItemName>מברשות ג'ורדן ריץ 2 יח</ItemName>
      <ManufacturerName>קלרו</ManufacturerName>
      <ManufactureCountry>MY</ManufactureCountry>
      <ManufacturerItemDescription>מברשות שיניים</ManufacturerItemDescription>
      <UnitQty>יחידה</UnitQty>
      <Quantity>1.00</Quantity>
      <bIsWeighted>0</bIsWeighted>
      <UnitOfMeasure>יחידה</UnitOfMeasure>
      <QtyInPackage>0</QtyInPackage>
      <ItemPrice>28.90</ItemPrice>
      <UnitOfMeasurePrice>28.90</UnitOfMeasurePrice>
      <AllowDiscount>1</AllowDiscount>
      <ItemStatus>1</ItemStatus>
    </Item>
    <Item>
      <PriceUpdateDate>2020-01-20 00:14</PriceUpdateDate>
      <ItemCode>7046110066034</ItemCode>
      <ItemType>1</ItemType>
      <ItemName>Mמ.שיניים ג'ורדן אינטרדנ</ItemName>
      <ManufacturerName>ג'ורדן</ManufacturerName>
      <ManufactureCountry>IL</ManufactureCountry>
      <ManufacturerItemDescription>Mמ.שיניים ג'ורדן</ManufacturerItemDescription>
      <UnitQty>יחידה</UnitQty>
      <Quantity>1.00</Quantity>
      <bIsWeighted>0</bIsWeighted>
      <UnitOfMeasure>יחידה</UnitOfMeasure>
      <QtyInPackage>0</QtyInPackage>
      <ItemPrice>36.90</ItemPrice>
      <UnitOfMeasurePrice>36.90</UnitOfMeasurePrice>
      <AllowDiscount>1</AllowDiscount>
      <ItemStatus>1</ItemStatus>
    </Item>
    <Item>
      <PriceUpdateDate>2020-01-20 00:14</PriceUpdateDate>
      <ItemCode>7046110066065</ItemCode>
      <ItemType>1</ItemType>
      <ItemName>L מ.שיניים ג'ורדן אינטרד</ItemName>
      <ManufacturerName>ג'ורדן</ManufacturerName>
      <ManufactureCountry>IL</ManufactureCountry>
      <ManufacturerItemDescription>L מ.שיניים ג'ורד</ManufacturerItemDescription>
      <UnitQty>יחידה</UnitQty>
      <Quantity>1.00</Quantity>
      <bIsWeighted>0</bIsWeighted>
      <UnitOfMeasure>יחידה</UnitOfMeasure>
      <QtyInPackage>0</QtyInPackage>
      <ItemPrice>36.90</ItemPrice>
      <UnitOfMeasurePrice>36.90</UnitOfMeasurePrice>
      <AllowDiscount>1</AllowDiscount>
      <ItemStatus>1</ItemStatus>
    </Item>
    <Item>
      <PriceUpdateDate>2020-01-20 00:14</PriceUpdateDate>
      <ItemCode>7046110069868</ItemCode>
      <ItemType>1</ItemType>
      <ItemName>ג'ורדן מברשות שנ.ילדים 9</ItemName>
      <ManufacturerName>ג'ורדן</ManufacturerName>
      <ManufactureCountry>IL</ManufactureCountry>
      <ManufacturerItemDescription>ג'ורדן מברשות שנ</ManufacturerItemDescription>
      <UnitQty>יחידה</UnitQty>
      <Quantity>1.00</Quantity>
      <bIsWeighted>0</bIsWeighted>
      <UnitOfMeasure>יחידה</UnitOfMeasure>
      <QtyInPackage>0</QtyInPackage>
      <ItemPrice>14.90</ItemPrice>
      <UnitOfMeasurePrice>14.90</UnitOfMeasurePrice>
      <AllowDiscount>1</AllowDiscount>
      <ItemStatus>1</ItemStatus>
    </Item>
    <Item>
      <PriceUpdateDate>2020-01-20 00:14</PriceUpdateDate>
      <ItemCode>7046110070192</ItemCode>
      <ItemType>1</ItemType>
      <ItemName>3 מברשות שיניים ג'ורדן</ItemName>
      <ManufacturerName>קלרו</ManufacturerName>
      <ManufactureCountry>MY</ManufactureCountry>
      <ManufacturerItemDescription>3 מברשות שיניים</ManufacturerItemDescription>
      <UnitQty>יחידה</UnitQty>
      <Quantity>1.00</Quantity>
      <bIsWeighted>0</bIsWeighted>
      <UnitOfMeasure>יחידה</UnitOfMeasure>
      <QtyInPackage>0</QtyInPackage>
      <ItemPrice>13.90</ItemPrice>
      <UnitOfMeasurePrice>13.90</UnitOfMeasurePrice>
      <AllowDiscount>1</AllowDiscount>
      <ItemStatus>1</ItemStatus>
    </Item>
    <Item>
      <PriceUpdateDate>2020-01-20 00:14</PriceUpdateDate>
      <ItemCode>7046110071519</ItemCode>
      <ItemType>1</ItemType>
      <ItemName>משחה לשיני חלב2-6 50מל</ItemName>
      <ManufacturerName>---</ManufacturerName>
      <ManufactureCountry>IL</ManufactureCountry>
      <ManufacturerItemDescription>משחת שיניים</ManufacturerItemDescription>
      <UnitQty>מיליליטרים</UnitQty>
      <Quantity>50.00</Quantity>
      <bIsWeighted>0</bIsWeighted>
      <UnitOfMeasure>100 מ"ל</UnitOfMeasure>
      <QtyInPackage>1</QtyInPackage>
      <ItemPrice>11.90</ItemPrice>
      <UnitOfMeasurePrice>23.80</UnitOfMeasurePrice>
      <AllowDiscount>1</AllowDiscount>
      <ItemStatus>1</ItemStatus>
    </Item>
    <Item>
      <PriceUpdateDate>2020-01-20 00:14</PriceUpdateDate>
      <ItemCode>7046110071618</ItemCode>
      <ItemType>1</ItemType>
      <ItemName>ג'ורדן קיסם מבריש לארג</ItemName>
      <ManufacturerName>ג'ורדן</ManufacturerName>
      <ManufactureCountry>IL</ManufactureCountry>
      <ManufacturerItemDescription>ג'ורדן קיסם מברי</ManufacturerItemDescription>
      <UnitQty>יחידה</UnitQty>
      <Quantity>1.00</Quantity>
      <bIsWeighted>0</bIsWeighted>
      <UnitOfMeasure>יחידה</UnitOfMeasure>
      <QtyInPackage>0</QtyInPackage>
      <ItemPrice>25.90</ItemPrice>
      <UnitOfMeasurePrice>25.90</UnitOfMeasurePrice>
      <AllowDiscount>1</AllowDiscount>
      <ItemStatus>1</ItemStatus>
    </Item>
    <Item>
      <PriceUpdateDate>2020-10-10 20:20</PriceUpdateDate>
      <ItemCode>71249290088</ItemCode>
      <ItemType>1</ItemType>
      <ItemName>שפתון אינפליבל עמיד113יח</ItemName>
      <ManufacturerName>לוריאל</ManufacturerName>
      <ManufactureCountry>US</ManufactureCountry>
      <ManufacturerItemDescription>שפתון אינפליבל ע</ManufacturerItemDescription>
      <UnitQty>יחידה</UnitQty>
      <Quantity>1.00</Quantity>
      <bIsWeighted>0</bIsWeighted>
      <UnitOfMeasure>יחידה</UnitOfMeasure>
      <QtyInPackage>1</QtyInPackage>
      <ItemPrice>39.90</ItemPrice>
      <UnitOfMeasurePrice>39.90</UnitOfMeasurePrice>
      <AllowDiscount>1</AllowDiscount>
      <ItemStatus>1</ItemStatus>
    </Item>
    <Item>
      <PriceUpdateDate>2020-10-10 20:20</PriceUpdateDate>
      <ItemCode>71249290095</ItemCode>
      <ItemType>1</ItemType>
      <ItemName>שפתון אינפליבל עמיד117יח</ItemName>
      <ManufacturerName>לוריאל</ManufacturerName>
      <ManufactureCountry>US</ManufactureCountry>
      <ManufacturerItemDescription>שפתון אינפליבל ע</ManufacturerItemDescription>
      <UnitQty>יחידה</UnitQty>
      <Quantity>1.00</Quantity>
      <bIsWeighted>0</bIsWeighted>
      <UnitOfMeasure>יחידה</UnitOfMeasure>
      <QtyInPackage>1</QtyInPackage>
      <ItemPrice>39.90</ItemPrice>
      <UnitOfMeasurePrice>39.90</UnitOfMeasurePrice>
      <AllowDiscount>1</AllowDiscount>
      <ItemStatus>1</ItemStatus>
    </Item>
    <Item>
      <PriceUpdateDate>2020-10-10 20:20</PriceUpdateDate>
      <ItemCode>71249290361</ItemCode>
      <ItemType>1</ItemType>
      <ItemName>שפתון אינפליבל עמיד217יח</ItemName>
      <ManufacturerName>לוריאל</ManufacturerName>
      <ManufactureCountry>US</ManufactureCountry>
      <ManufacturerItemDescription>שפתון אינפליבל ע</ManufacturerItemDescription>
      <UnitQty>יחידה</UnitQty>
      <Quantity>1.00</Quantity>
      <bIsWeighted>0</bIsWeighted>
      <UnitOfMeasure>יחידה</UnitOfMeasure>
      <QtyInPackage>1</QtyInPackage>
      <ItemPrice>39.90</ItemPrice>
      <UnitOfMeasurePrice>39.90</UnitOfMeasurePrice>
      <AllowDiscount>1</AllowDiscount>
      <ItemStatus>1</ItemStatus>
    </Item>
    <Item>
      <PriceUpdateDate>2020-10-10 20:20</PriceUpdateDate>
      <ItemCode>71249290378</ItemCode>
      <ItemType>1</ItemType>
      <ItemName>שפתון אינפליבל עמיד121יח</ItemName>
      <ManufacturerName>לוריאל</ManufacturerName>
      <ManufactureCountry>US</ManufactureCountry>
      <ManufacturerItemDescription>שפתון אינפליבל ע</ManufacturerItemDescription>
      <UnitQty>יחידה</UnitQty>
      <Quantity>1.00</Quantity>
      <bIsWeighted>0</bIsWeighted>
      <UnitOfMeasure>יחידה</UnitOfMeasure>
      <QtyInPackage>1</QtyInPackage>
      <ItemPrice>39.90</ItemPrice>
      <UnitOfMeasurePrice>39.90</UnitOfMeasurePrice>
      <AllowDiscount>1</AllowDiscount>
      <ItemStatus>1</ItemStatus>
    </Item>
    <Item>
      <PriceUpdateDate>2020-10-10 20:20</PriceUpdateDate>
      <ItemCode>71249290439</ItemCode>
      <ItemType>1</ItemType>
      <ItemName>שפתון אינפליבל עמיד221יח</ItemName>
      <ManufacturerName>לוריאל</ManufacturerName>
      <ManufactureCountry>US</ManufactureCountry>
      <ManufacturerItemDescription>שפתון אינפליבל ע</ManufacturerItemDescription>
      <UnitQty>יחידה</UnitQty>
      <Quantity>1.00</Quantity>
      <bIsWeighted>0</bIsWeighted>
      <UnitOfMeasure>יחידה</UnitOfMeasure>
      <QtyInPackage>1</QtyInPackage>
      <ItemPrice>39.90</ItemPrice>
      <UnitOfMeasurePrice>39.90</UnitOfMeasurePrice>
      <AllowDiscount>1</AllowDiscount>
      <ItemStatus>1</ItemStatus>
    </Item>
    <Item>
      <PriceUpdateDate>2020-10-10 22:40</PriceUpdateDate>
      <ItemCode>719346065405</ItemCode>
      <ItemType>1</ItemType>
      <ItemName>fantasy א.ד.פ לאשה100מ"ל</ItemName>
      <ManufacturerName>אלפא בישום</ManufacturerName>
      <ManufactureCountry>US</ManufactureCountry>
      <ManufacturerItemDescription>fantasy א.ד.פ</ManufacturerItemDescription>
      <UnitQty>מיליליטרים</UnitQty>
      <Quantity>100.00</Quantity>
      <bIsWeighted>0</bIsWeighted>
      <UnitOfMeasure>100 מ"ל</UnitOfMeasure>
      <QtyInPackage>0</QtyInPackage>
      <ItemPrice>119.00</ItemPrice>
      <UnitOfMeasurePrice>119.00</UnitOfMeasurePrice>
      <AllowDiscount>1</AllowDiscount>
      <ItemStatus>1</ItemStatus>
    </Item>
    <Item>
      <PriceUpdateDate>2020-09-09 10:38</PriceUpdateDate>
      <ItemCode>7290000061283</ItemCode>
      <ItemType>1</ItemType>
      <ItemName>שקדי מרק 400 גרם25%+חינם</ItemName>
      <ManufacturerName>אסם השקעות בע"\מ</ManufacturerName>
      <ManufactureCountry>IL</ManufactureCountry>
      <ManufacturerItemDescription>שקדי מרק</ManufacturerItemDescription>
      <UnitQty>גרמים</UnitQty>
      <Quantity>500.00</Quantity>
      <bIsWeighted>0</bIsWeighted>
      <UnitOfMeasure>100 גרם</UnitOfMeasure>
      <QtyInPackage>0</QtyInPackage>
      <ItemPrice>11.50</ItemPrice>
      <UnitOfMeasurePrice>2.30</UnitOfMeasurePrice>
      <AllowDiscount>1</AllowDiscount>
      <ItemStatus>1</ItemStatus>
    </Item>
    <Item>
      <PriceUpdateDate>2020-01-20 00:09</PriceUpdateDate>
      <ItemCode>7290000066141</ItemCode>
      <ItemType>1</ItemType>
      <ItemName>ביסלי גריל 70 גרם</ItemName>
      <ManufacturerName>אסם השקעות בע"\מ</ManufacturerName>
      <ManufactureCountry>IL</ManufactureCountry>
      <ManufacturerItemDescription>ביסלי גריל</ManufacturerItemDescription>
      <UnitQty>גרמים</UnitQty>
      <Quantity>70.00</Quantity>
      <bIsWeighted>0</bIsWeighted>
      <UnitOfMeasure>100 גרם</UnitOfMeasure>
      <QtyInPackage>0</QtyInPackage>
      <ItemPrice>4.90</ItemPrice>
      <UnitOfMeasurePrice>7.00</UnitOfMeasurePrice>
      <AllowDiscount>1</AllowDiscount>
      <ItemStatus>1</ItemStatus>
    </Item>
    <Item>
      <PriceUpdateDate>2020-01-20 00:09</PriceUpdateDate>
      <ItemCode>7290000066264</ItemCode>
      <ItemType>1</ItemType>
      <ItemName>דובונים-חטיפים מלוחים40ג</ItemName>
      <ManufacturerName>אסם השקעות בע"\מ</ManufacturerName>
      <ManufactureCountry>IL</ManufactureCountry>
      <ManufacturerItemDescription>חטיפי דובונים</ManufacturerItemDescription>
      <UnitQty>גרמים</UnitQty>
      <Quantity>40.00</Quantity>
      <bIsWeighted>0</bIsWeighted>
      <UnitOfMeasure>100 גרם</UnitOfMeasure>
      <QtyInPackage>0</QtyInPackage>
      <ItemPrice>5.30</ItemPrice>
      <UnitOfMeasurePrice>13.25</UnitOfMeasurePrice>
      <AllowDiscount>1</AllowDiscount>
      <ItemStatus>1</ItemStatus>
    </Item>
    <Item>
      <PriceUpdateDate>2020-03-06 05:39</PriceUpdateDate>
      <ItemCode>7290000072623</ItemCode>
      <ItemType>1</ItemType>
      <ItemName>קטשופ בקבוק לחיץ 750 גרם</ItemName>
      <ManufacturerName>אסם השקעות בע"מ</ManufacturerName>
      <ManufactureCountry>IL</ManufactureCountry>
      <ManufacturerItemDescription>קטשופ בקבוק לחיץ</ManufacturerItemDescription>
      <UnitQty>גרמים</UnitQty>
      <Quantity>750.00</Quantity>
      <bIsWeighted>0</bIsWeighted>
      <UnitOfMeasure>100 גרם</UnitOfMeasure>
      <QtyInPackage>0</QtyInPackage>
      <ItemPrice>11.90</ItemPrice>
      <UnitOfMeasurePrice>1.59</UnitOfMeasurePrice>
      <AllowDiscount>1</AllowDiscount>
      <ItemStatus>1</ItemStatus>
    </Item>
    <Item>
      <PriceUpdateDate>2020-06-26 05:41</PriceUpdateDate>
      <ItemCode>7290000072753</ItemCode>
      <ItemType>1</ItemType>
      <ItemName>נסקפה טסטר'ס צ'ויס200ג</ItemName>
      <ManufacturerName>לוטה נסטלה קוריאה</ManufacturerName>
      <ManufactureCountry>KR</ManufactureCountry>
      <ManufacturerItemDescription>נסקפה טסטרס צויס</ManufacturerItemDescription>
      <UnitQty>גרמים</UnitQty>
      <Quantity>200.00</Quantity>
      <bIsWeighted>0</bIsWeighted>
      <UnitOfMeasure>100 גרם</UnitOfMeasure>
      <QtyInPackage>0</QtyInPackage>
      <ItemPrice>34.90</ItemPrice>
      <UnitOfMeasurePrice>17.45</UnitOfMeasurePrice>
      <AllowDiscount>1</AllowDiscount>
      <ItemStatus>1</ItemStatus>
    </Item>
    <Item>
      <PriceUpdateDate>2020-05-06 16:13</PriceUpdateDate>
      <ItemCode>7290000073750</ItemCode>
      <ItemType>1</ItemType>
      <ItemName>מ.חמה נודלס טעם עוף70גרם</ItemName>
      <ManufacturerName>PUB FOODS PRESIDENT THAI</ManufacturerName>
      <ManufactureCountry>TH</ManufactureCountry>
      <ManufacturerItemDescription>מנה חמה נודלס</ManufacturerItemDescription>
      <UnitQty>גרמים</UnitQty>
      <Quantity>70.00</Quantity>
      <bIsWeighted>0</bIsWeighted>
      <UnitOfMeasure>100 גרם</UnitOfMeasure>
      <QtyInPackage>0</QtyInPackage>
      <ItemPrice>10.90</ItemPrice>
      <UnitOfMeasurePrice>15.57</UnitOfMeasurePrice>
      <AllowDiscount>1</AllowDiscount>
      <ItemStatus>1</ItemStatus>
    </Item>
    <Item>
      <PriceUpdateDate>2020-01-20 00:09</PriceUpdateDate>
      <ItemCode>7290000076126</ItemCode>
      <ItemType>1</ItemType>
      <ItemName>בייגלה שמיניות קטנות80גר</ItemName>
      <ManufacturerName>אסם השקעות בע"\מ</ManufacturerName>
      <ManufactureCountry>IL</ManufactureCountry>
      <ManufacturerItemDescription>בייגלה שמיניות</ManufacturerItemDescription>
      <UnitQty>גרמים</UnitQty>
      <Quantity>80.00</Quantity>
      <bIsWeighted>0</bIsWeighted>
      <UnitOfMeasure>100 גרם</UnitOfMeasure>
      <QtyInPackage>0</QtyInPackage>
      <ItemPrice>3.30</ItemPrice>
      <UnitOfMeasurePrice>4.13</UnitOfMeasurePrice>
      <AllowDiscount>1</AllowDiscount>
      <ItemStatus>1</ItemStatus>
    </Item>
    <Item>
      <PriceUpdateDate>2020-06-01 11:46</PriceUpdateDate>
      <ItemCode>7290000077253</ItemCode>
      <ItemType>1</ItemType>
      <ItemName>לחמית כפרית 190 גרם</ItemName>
      <ManufacturerName>אסם השקעות בע"\מ</ManufacturerName>
      <ManufactureCountry>IL</ManufactureCountry>
      <ManufacturerItemDescription>לחמית כפרית</ManufacturerItemDescription>
      <UnitQty>גרמים</UnitQty>
      <Quantity>190.00</Quantity>
      <bIsWeighted>0</bIsWeighted>
      <UnitOfMeasure>100 גרם</UnitOfMeasure>
      <QtyInPackage>0</QtyInPackage>
      <ItemPrice>11.90</ItemPrice>
      <UnitOfMeasurePrice>6.26</UnitOfMeasurePrice>
      <AllowDiscount>1</AllowDiscount>
      <ItemStatus>1</ItemStatus>
    </Item>
    <Item>
      <PriceUpdateDate>2020-07-17 05:41</PriceUpdateDate>
      <ItemCode>7290000135175</ItemCode>
      <ItemType>1</ItemType>
      <ItemName>פפסי מקס ליים 330 מ"ל</ItemName>
      <ManufacturerName>אלפא \n S.A</ManufacturerName>
      <ManufactureCountry>AL</ManufactureCountry>
      <ManufacturerItemDescription>פפסי מקס ליים</ManufacturerItemDescription>
      <UnitQty>ליטרים</UnitQty>
      <Quantity>1.98</Quantity>
      <bIsWeighted>0</bIsWeighted>
      <UnitOfMeasure>ליטר</UnitOfMeasure>
      <QtyInPackage>1</QtyInPackage>
      <ItemPrice>5.00</ItemPrice>
      <UnitOfMeasurePrice>2.53</UnitOfMeasurePrice>
      <AllowDiscount>1</AllowDiscount>
      <ItemStatus>1</ItemStatus>
    </Item>
    <Item>
      <PriceUpdateDate>2020-10-10 21:30</PriceUpdateDate>
      <ItemCode>7290000143194</ItemCode>
      <ItemType>1</ItemType>
      <ItemName>שמפו + מרכך הוואי 700מ"ל</ItemName>
      <ManufacturerName>טרופיקל דגיל בעמ</ManufacturerName>
      <ManufactureCountry>IL</ManufactureCountry>
      <ManufacturerItemDescription>שמפו+מרכך הוואי</ManufacturerItemDescription>
      <UnitQty>מיליליטרים</UnitQty>
      <Quantity>700.00</Quantity>
      <bIsWeighted>0</bIsWeighted>
      <UnitOfMeasure>100 מ"ל</UnitOfMeasure>
      <QtyInPackage>0</QtyInPackage>
      <ItemPrice>8.90</ItemPrice>
      <UnitOfMeasurePrice>1.27</UnitOfMeasurePrice>
      <AllowDiscount>1</AllowDiscount>
      <ItemStatus>1</ItemStatus>
    </Item>
    <Item>
      <PriceUpdateDate>2020-10-10 21:30</PriceUpdateDate>
      <ItemCode>7290000143200</ItemCode>
      <ItemType>1</ItemType>
      <ItemName>מרכך הוואי לשיער יבש700מ</ItemName>
      <ManufacturerName>טרופיקל דגיל</ManufacturerName>
      <ManufactureCountry>IL</ManufactureCountry>
      <ManufacturerItemDescription>מרכך שיער הוואי</ManufacturerItemDescription>
      <UnitQty>מיליליטרים</UnitQty>
      <Quantity>700.00</Quantity>
      <bIsWeighted>0</bIsWeighted>
      <UnitOfMeasure>100 מ"ל</UnitOfMeasure>
      <QtyInPackage>0</QtyInPackage>
      <ItemPrice>8.90</ItemPrice>
      <UnitOfMeasurePrice>1.27</UnitOfMeasurePrice>
      <AllowDiscount>1</AllowDiscount>
      <ItemStatus>1</ItemStatus>
    </Item>
    <Item>
      <PriceUpdateDate>2020-10-10 21:30</PriceUpdateDate>
      <ItemCode>7290000143217</ItemCode>
      <ItemType>1</ItemType>
      <ItemName>שמפו הוואי שיער יבש 700מ</ItemName>
      <ManufacturerName>טרופיקל דגיל</ManufacturerName>
      <ManufactureCountry>IL</ManufactureCountry>
      <ManufacturerItemDescription>שמפו הוואי</ManufacturerItemDescription>
      <UnitQty>מיליליטרים</UnitQty>
      <Quantity>700.00</Quantity>
      <bIsWeighted>0</bIsWeighted>
      <UnitOfMeasure>100 מ"ל</UnitOfMeasure>
      <QtyInPackage>0</QtyInPackage>
      <ItemPrice>8.90</ItemPrice>
      <UnitOfMeasurePrice>1.27</UnitOfMeasurePrice>
      <AllowDiscount>1</AllowDiscount>
      <ItemStatus>1</ItemStatus>
    </Item>
    <Item>
      <PriceUpdateDate>2020-10-10 21:30</PriceUpdateDate>
      <ItemCode>7290000143255</ItemCode>
      <ItemType>1</ItemType>
      <ItemName>שמפו הוואי לשיער רגיל700</ItemName>
      <ManufacturerName>טרופיקל דגיל</ManufacturerName>
      <ManufactureCountry>IL</ManufactureCountry>
      <ManufacturerItemDescription>שמפו הוואי</ManufacturerItemDescription>
      <UnitQty>מיליליטרים</UnitQty>
      <Quantity>700.00</Quantity>
      <bIsWeighted>0</bIsWeighted>
      <UnitOfMeasure>100 מ"ל</UnitOfMeasure>
      <QtyInPackage>0</QtyInPackage>
      <ItemPrice>8.90</ItemPrice>
      <UnitOfMeasurePrice>1.27</UnitOfMeasurePrice>
      <AllowDiscount>1</AllowDiscount>
      <ItemStatus>1</ItemStatus>
    </Item>
    <Item>
      <PriceUpdateDate>2020-10-10 21:30</PriceUpdateDate>
      <ItemCode>7290000143262</ItemCode>
      <ItemType>1</ItemType>
      <ItemName>הוואי שמפו לילדים 700מ"ל</ItemName>
      <ManufacturerName>טרופיקל דגיל</ManufacturerName>
      <ManufactureCountry>IL</ManufactureCountry>
      <ManufacturerItemDescription>הוואי שמפו ילדים</ManufacturerItemDescription>
      <UnitQty>מיליליטרים</UnitQty>
      <Quantity>700.00</Quantity>
      <bIsWeighted>0</bIsWeighted>
      <UnitOfMeasure>100 מ"ל</UnitOfMeasure>
      <QtyInPackage>0</QtyInPackage>
      <ItemPrice>8.90</ItemPrice>
      <UnitOfMeasurePrice>1.27</UnitOfMeasurePrice>
      <AllowDiscount>1</AllowDiscount>
      <ItemStatus>1</ItemStatus>
    </Item>
    <Item>
      <PriceUpdateDate>2020-10-10 21:30</PriceUpdateDate>
      <ItemCode>7290000143279</ItemCode>
      <ItemType>1</ItemType>
      <ItemName>הוואי שמפו אדום 700 מ"ל</ItemName>
      <ManufacturerName>טרופיקל דגיל</ManufacturerName>
      <ManufactureCountry>IL</ManufactureCountry>
      <ManufacturerItemDescription>שמפו הוואי</ManufacturerItemDescription>
      <UnitQty>מיליליטרים</UnitQty>
      <Quantity>700.00</Quantity>
      <bIsWeighted>0</bIsWeighted>
      <UnitOfMeasure>100 מ"ל</UnitOfMeasure>
      <QtyInPackage>0</QtyInPackage>
      <ItemPrice>8.90</ItemPrice>
      <UnitOfMeasurePrice>1.27</UnitOfMeasurePrice>
      <AllowDiscount>1</AllowDiscount>
      <ItemStatus>1</ItemStatus>
    </Item>
    <Item>
      <PriceUpdateDate>2020-10-10 21:30</PriceUpdateDate>
      <ItemCode>7290000143286</ItemCode>
      <ItemType>1</ItemType>
      <ItemName>הוואי מרכך ירוק 700 מ"ל</ItemName>
      <ManufacturerName>טרופיקל דגיל</ManufacturerName>
      <ManufactureCountry>IL</ManufactureCountry>
      <ManufacturerItemDescription>מרכך הוואי</ManufacturerItemDescription>
      <UnitQty>מיליליטרים</UnitQty>
      <Quantity>700.00</Quantity>
      <bIsWeighted>0</bIsWeighted>
      <UnitOfMeasure>100 מ"ל</UnitOfMeasure>
      <QtyInPackage>0</QtyInPackage>
      <ItemPrice>8.90</ItemPrice>
      <UnitOfMeasurePrice>1.27</UnitOfMeasurePrice>
      <AllowDiscount>1</AllowDiscount>
      <ItemStatus>1</ItemStatus>
    </Item>
    <Item>
      <PriceUpdateDate>2020-10-10 21:30</PriceUpdateDate>
      <ItemCode>7290000143293</ItemCode>
      <ItemType>1</ItemType>
      <ItemName>הוואי מרכך שיער לילד700מ</ItemName>
      <ManufacturerName>הנקל סוד</ManufacturerName>
      <ManufactureCountry>IL</ManufactureCountry>
      <ManufacturerItemDescription>הוואי מרכך שיער</ManufacturerItemDescription>
      <UnitQty>מיליליטרים</UnitQty>
      <Quantity>700.00</Quantity>
      <bIsWeighted>0</bIsWeighted>
      <UnitOfMeasure>100 מ"ל</UnitOfMeasure>
      <QtyInPackage>0</QtyInPackage>
      <ItemPrice>8.90</ItemPrice>
      <UnitOfMeasurePrice>1.27</UnitOfMeasurePrice>
      <AllowDiscount>1</AllowDiscount>
      <ItemStatus>1</ItemStatus>
    </Item>
    <Item>
      <PriceUpdateDate>2020-01-20 00:14</PriceUpdateDate>
      <ItemCode>7290000146669</ItemCode>
      <ItemType>1</ItemType>
      <ItemName>סבון הוואי כחול 100*4 גר</ItemName>
      <ManufacturerName>טרופיקל דגיל</ManufacturerName>
      <ManufactureCountry>IL</ManufactureCountry>
      <ManufacturerItemDescription>סבון הוואי 4 יח</ManufacturerItemDescription>
      <UnitQty>גרמים</UnitQty>
      <Quantity>400.00</Quantity>
      <bIsWeighted>0</bIsWeighted>
      <UnitOfMeasure>100 גרם</UnitOfMeasure>
      <QtyInPackage>0</QtyInPackage>
      <ItemPrice>13.90</ItemPrice>
      <UnitOfMeasurePrice>3.48</UnitOfMeasurePrice>
      <AllowDiscount>1</AllowDiscount>
      <ItemStatus>1</ItemStatus>
    </Item>
    <Item>
      <PriceUpdateDate>2020-01-20 00:14</PriceUpdateDate>
      <ItemCode>7290000146676</ItemCode>
      <ItemType>1</ItemType>
      <ItemName>סבון הוואי לגבר 100*4גרם</ItemName>
      <ManufacturerName>טרופיקל דגיל</ManufacturerName>
      <ManufactureCountry>PL</ManufactureCountry>
      <ManufacturerItemDescription>סבון הוואי 4 יח</ManufacturerItemDescription>
      <UnitQty>גרמים</UnitQty>
      <Quantity>400.00</Quantity>
      <bIsWeighted>0</bIsWeighted>
      <UnitOfMeasure>100 גרם</UnitOfMeasure>
      <QtyInPackage>0</QtyInPackage>
      <ItemPrice>13.90</ItemPrice>
      <UnitOfMeasurePrice>3.48</UnitOfMeasurePrice>
      <AllowDiscount>1</AllowDiscount>
      <ItemStatus>1</ItemStatus>
    </Item>
    <Item>
      <PriceUpdateDate>2020-01-20 00:14</PriceUpdateDate>
      <ItemCode>7290000146928</ItemCode>
      <ItemType>1</ItemType>
      <ItemName>משחת טום וג'רי ענבים 50מ</ItemName>
      <ManufacturerName>טרופיקל דגיל</ManufacturerName>
      <ManufactureCountry>IL</ManufactureCountry>
      <ManufacturerItemDescription>משחת טום וג'רי</ManufacturerItemDescription>
      <UnitQty>מיליליטרים</UnitQty>
      <Quantity>50.00</Quantity>
      <bIsWeighted>0</bIsWeighted>
      <UnitOfMeasure>100 מ"ל</UnitOfMeasure>
      <QtyInPackage>0</QtyInPackage>
      <ItemPrice>9.90</ItemPrice>
      <UnitOfMeasurePrice>19.80</UnitOfMeasurePrice>
      <AllowDiscount>1</AllowDiscount>
      <ItemStatus>1</ItemStatus>
    </Item>
    <Item>
      <PriceUpdateDate>2020-01-20 00:14</PriceUpdateDate>
      <ItemCode>7290000146997</ItemCode>
      <ItemType>1</ItemType>
      <ItemName>משחת טום וג'רי מסטיק 50מ</ItemName>
      <ManufacturerName>טרופיקל דגיל</ManufacturerName>
      <ManufactureCountry>IL</ManufactureCountry>
      <ManufacturerItemDescription>משחת טום וג'רי</ManufacturerItemDescription>
      <UnitQty>מיליליטרים</UnitQty>
      <Quantity>50.00</Quantity>
      <bIsWeighted>0</bIsWeighted>
      <UnitOfMeasure>100 מ"ל</UnitOfMeasure>
      <QtyInPackage>0</QtyInPackage>
      <ItemPrice>9.90</ItemPrice>
      <UnitOfMeasurePrice>19.80</UnitOfMeasurePrice>
      <AllowDiscount>1</AllowDiscount>
      <ItemStatus>1</ItemStatus>
    </Item>
    <Item>
      <PriceUpdateDate>2020-10-10 20:20</PriceUpdateDate>
      <ItemCode>7290000149615</ItemCode>
      <ItemType>1</ItemType>
      <ItemName>סבון נקה 7 לתינוק100*4 ג</ItemName>
      <ManufacturerName>נקה</ManufacturerName>
      <ManufactureCountry>IL</ManufactureCountry>
      <ManufacturerItemDescription>נקה 7 סבון 4 יח</ManufacturerItemDescription>
      <UnitQty>גרמים</UnitQty>
      <Quantity>400.00</Quantity>
      <bIsWeighted>0</bIsWeighted>
      <UnitOfMeasure>100 גרם</UnitOfMeasure>
      <QtyInPackage>0</QtyInPackage>
      <ItemPrice>9.90</ItemPrice>
      <UnitOfMeasurePrice>2.48</UnitOfMeasurePrice>
      <AllowDiscount>1</AllowDiscount>
      <ItemStatus>1</ItemStatus>
    </Item>
    <Item>
      <PriceUpdateDate>2020-10-10 21:00</PriceUpdateDate>
      <ItemCode>7290000160252</ItemCode>
      <ItemType>1</ItemType>
      <ItemName>דאב תרחיץ פנים רגיל180מל</ItemName>
      <ManufacturerName>יוניליוור</ManufacturerName>
      <ManufactureCountry>IL</ManufactureCountry>
      <ManufacturerItemDescription>דאב תרחיץ פנים</ManufacturerItemDescription>
      <UnitQty>מיליליטרים</UnitQty>
      <Quantity>180.00</Quantity>
      <bIsWeighted>0</bIsWeighted>
      <UnitOfMeasure>100 מ"ל</UnitOfMeasure>
      <QtyInPackage>0</QtyInPackage>
      <ItemPrice>12.90</ItemPrice>
      <UnitOfMeasurePrice>7.16</UnitOfMeasurePrice>
      <AllowDiscount>1</AllowDiscount>
      <ItemStatus>1</ItemStatus>
    </Item>
    <Item>
      <PriceUpdateDate>2020-10-10 21:00</PriceUpdateDate>
      <ItemCode>7290000160269</ItemCode>
      <ItemType>1</ItemType>
      <ItemName>דאב תרחיץ פנים רגיש180מל</ItemName>
      <ManufacturerName>יוניליוור</ManufacturerName>
      <ManufactureCountry>IL</ManufactureCountry>
      <ManufacturerItemDescription>דאב תרחיץ פנים</ManufacturerItemDescription>
      <UnitQty>מיליליטרים</UnitQty>
      <Quantity>180.00</Quantity>
      <bIsWeighted>0</bIsWeighted>
      <UnitOfMeasure>100 מ"ל</UnitOfMeasure>
      <QtyInPackage>0</QtyInPackage>
      <ItemPrice>12.90</ItemPrice>
      <UnitOfMeasurePrice>7.16</UnitOfMeasurePrice>
      <AllowDiscount>1</AllowDiscount>
      <ItemStatus>1</ItemStatus>
    </Item>
    <Item>
      <PriceUpdateDate>2020-01-20 00:21</PriceUpdateDate>
      <ItemCode>7290000166148</ItemCode>
      <ItemType>1</ItemType>
      <ItemName>דאב בייבי תחליב רחצה700מ</ItemName>
      <ManufacturerName>יוניליוור ישראל טיפוח אי</ManufacturerName>
      <ManufactureCountry>IL</ManufactureCountry>
      <ManufacturerItemDescription>תחליב רחצה דאב</ManufacturerItemDescription>
      <UnitQty>מיליליטרים</UnitQty>
      <Quantity>700.00</Quantity>
      <bIsWeighted>0</bIsWeighted>
      <UnitOfMeasure>100 מ"ל</UnitOfMeasure>
      <QtyInPackage>0</QtyInPackage>
      <ItemPrice>15.90</ItemPrice>
      <UnitOfMeasurePrice>2.27</UnitOfMeasurePrice>
      <AllowDiscount>1</AllowDiscount>
      <ItemStatus>1</ItemStatus>
    </Item>
    <Item>
      <PriceUpdateDate>2020-08-04 10:11</PriceUpdateDate>
      <ItemCode>7290000187860</ItemCode>
      <ItemType>1</ItemType>
      <ItemName>לילי לח פיור</ItemName>
      <ManufacturerName>חוגלה קימברלי</ManufacturerName>
      <ManufactureCountry>IL</ManufactureCountry>
      <ManufacturerItemDescription>נ.טואלט לח פיור</ManufacturerItemDescription>
      <UnitQty>יחידה</UnitQty>
      <Quantity>1.00</Quantity>
      <bIsWeighted>0</bIsWeighted>
      <UnitOfMeasure>יחידה</UnitOfMeasure>
      <QtyInPackage>0</QtyInPackage>
      <ItemPrice>8.90</ItemPrice>
      <UnitOfMeasurePrice>8.90</UnitOfMeasurePrice>
      <AllowDiscount>1</AllowDiscount>
      <ItemStatus>1</ItemStatus>
    </Item>
    <Item>
      <PriceUpdateDate>2020-01-20 00:21</PriceUpdateDate>
      <ItemCode>7290000187921</ItemCode>
      <ItemType>1</ItemType>
      <ItemName>נייר טואלט לילי פיור32גל</ItemName>
      <ManufacturerName>חוגלה קימברלי</ManufacturerName>
      <ManufactureCountry>IL</ManufactureCountry>
      <ManufacturerItemDescription>נייר טואלט לילי</ManufacturerItemDescription>
      <UnitQty>מטרים</UnitQty>
      <Quantity>588.00</Quantity>
      <bIsWeighted>0</bIsWeighted>
      <UnitOfMeasure>100 מטר</UnitOfMeasure>
      <QtyInPackage>0</QtyInPackage>
      <ItemPrice>39.90</ItemPrice>
      <UnitOfMeasurePrice>6.79</UnitOfMeasurePrice>
      <AllowDiscount>1</AllowDiscount>
      <ItemStatus>1</ItemStatus>
    </Item>
    <Item>
      <PriceUpdateDate>2020-01-20 00:21</PriceUpdateDate>
      <ItemCode>7290000187938</ItemCode>
      <ItemType>1</ItemType>
      <ItemName>נייר טואלט לילי פסטל32גל</ItemName>
      <ManufacturerName>חוגלה קימברלי</ManufacturerName>
      <ManufactureCountry>IL</ManufactureCountry>
      <ManufacturerItemDescription>נייר טואלט פסטל</ManufacturerItemDescription>
      <UnitQty>מטרים</UnitQty>
      <Quantity>588.00</Quantity>
      <bIsWeighted>0</bIsWeighted>
      <UnitOfMeasure>100 מטר</UnitOfMeasure>
      <QtyInPackage>0</QtyInPackage>
      <ItemPrice>39.90</ItemPrice>
      <UnitOfMeasurePrice>6.79</UnitOfMeasurePrice>
      <AllowDiscount>1</AllowDiscount>
      <ItemStatus>1</ItemStatus>
    </Item>
    <Item>
      <PriceUpdateDate>2020-10-10 21:00</PriceUpdateDate>
      <ItemCode>7290000188553</ItemCode>
      <ItemType>1</ItemType>
      <ItemName>קוטקס מגן תחתון נורמל</ItemName>
      <ManufacturerName>חוגלה קימברלי</ManufacturerName>
      <ManufactureCountry>CN</ManufactureCountry>
      <ManufacturerItemDescription>מגן תחתון קוטקס</ManufacturerItemDescription>
      <UnitQty>יחידה</UnitQty>
      <Quantity>1.00</Quantity>
      <bIsWeighted>0</bIsWeighted>
      <UnitOfMeasure>יחידה</UnitOfMeasure>
      <QtyInPackage>0</QtyInPackage>
      <ItemPrice>17.90</ItemPrice>
      <UnitOfMeasurePrice>17.90</UnitOfMeasurePrice>
      <AllowDiscount>1</AllowDiscount>
      <ItemStatus>1</ItemStatus>
    </Item>
    <Item>
      <PriceUpdateDate>2020-10-10 21:00</PriceUpdateDate>
      <ItemCode>7290000188560</ItemCode>
      <ItemType>1</ItemType>
      <ItemName>קוטקס מגן תחתון לארג'</ItemName>
      <ManufacturerName>חוגלה קימברלי</ManufacturerName>
      <ManufactureCountry>VN</ManufactureCountry>
      <ManufacturerItemDescription>מגן תחתון קוטקס</ManufacturerItemDescription>
      <UnitQty>יחידה</UnitQty>
      <Quantity>1.00</Quantity>
      <bIsWeighted>0</bIsWeighted>
      <UnitOfMeasure>יחידה</UnitOfMeasure>
      <QtyInPackage>0</QtyInPackage>
      <ItemPrice>17.90</ItemPrice>
      <UnitOfMeasurePrice>17.90</UnitOfMeasurePrice>
      <AllowDiscount>1</AllowDiscount>
      <ItemStatus>1</ItemStatus>
    </Item>
    <Item>
      <PriceUpdateDate>2020-10-10 21:00</PriceUpdateDate>
      <ItemCode>7290000188591</ItemCode>
      <ItemType>1</ItemType>
      <ItemName>קוטקס מגן תחתון יאנג</ItemName>
      <ManufacturerName>חוגלה קימברלי</ManufacturerName>
      <ManufactureCountry>CN</ManufactureCountry>
      <ManufacturerItemDescription>מגן תחתון קוטקס</ManufacturerItemDescription>
      <UnitQty>יחידה</UnitQty>
      <Quantity>1.00</Quantity>
      <bIsWeighted>0</bIsWeighted>
      <UnitOfMeasure>יחידה</UnitOfMeasure>
      <QtyInPackage>0</QtyInPackage>
      <ItemPrice>17.90</ItemPrice>
      <UnitOfMeasurePrice>17.90</UnitOfMeasurePrice>
      <AllowDiscount>1</AllowDiscount>
      <ItemStatus>1</ItemStatus>
    </Item>
    <Item>
      <PriceUpdateDate>2020-01-20 00:21</PriceUpdateDate>
      <ItemCode>7290000189598</ItemCode>
      <ItemType>1</ItemType>
      <ItemName>מטליות לחות דוחה אבק</ItemName>
      <ManufacturerName>---</ManufacturerName>
      <ManufactureCountry>IL</ManufactureCountry>
      <ManufacturerItemDescription>מטליות ניקול</ManufacturerItemDescription>
      <UnitQty>יחידה</UnitQty>
      <Quantity>1.00</Quantity>
      <bIsWeighted>0</bIsWeighted>
      <UnitOfMeasure>יחידה</UnitOfMeasure>
      <QtyInPackage>0</QtyInPackage>
      <ItemPrice>11.90</ItemPrice>
      <UnitOfMeasurePrice>11.90</UnitOfMeasurePrice>
      <AllowDiscount>1</AllowDiscount>
      <ItemStatus>1</ItemStatus>
    </Item>
    <Item>
      <PriceUpdateDate>2020-10-10 21:00</PriceUpdateDate>
      <ItemCode>7290000189758</ItemCode>
      <ItemType>1</ItemType>
      <ItemName>מגן תחתון GO THE ON נור</ItemName>
      <ManufacturerName>קוטקס</ManufacturerName>
      <ManufactureCountry>CN</ManufactureCountry>
      <ManufacturerItemDescription>מגן תחתון</ManufacturerItemDescription>
      <UnitQty>יחידה</UnitQty>
      <Quantity>1.00</Quantity>
      <bIsWeighted>0</bIsWeighted>
      <UnitOfMeasure>יחידה</UnitOfMeasure>
      <QtyInPackage>0</QtyInPackage>
      <ItemPrice>17.90</ItemPrice>
      <UnitOfMeasurePrice>17.90</UnitOfMeasurePrice>
      <AllowDiscount>1</AllowDiscount>
      <ItemStatus>1</ItemStatus>
    </Item>
    <Item>
      <PriceUpdateDate>2020-01-20 00:21</PriceUpdateDate>
      <ItemCode>7290000191539</ItemCode>
      <ItemType>1</ItemType>
      <ItemName>מגבוני לילי צבעוני90*5יח</ItemName>
      <ManufacturerName>חוגלה קימברלי</ManufacturerName>
      <ManufactureCountry>IL</ManufactureCountry>
      <ManufacturerItemDescription>מגבוני לילי 90*5</ManufacturerItemDescription>
      <UnitQty>יחידה</UnitQty>
      <Quantity>1.00</Quantity>
      <bIsWeighted>0</bIsWeighted>
      <UnitOfMeasure>יחידה</UnitOfMeasure>
      <QtyInPackage>0</QtyInPackage>
      <ItemPrice>15.90</ItemPrice>
      <UnitOfMeasurePrice>15.90</UnitOfMeasurePrice>
      <AllowDiscount>1</AllowDiscount>
      <ItemStatus>1</ItemStatus>
    </Item>
    <Item>
      <PriceUpdateDate>2020-01-20 00:21</PriceUpdateDate>
      <ItemCode>7290000191645</ItemCode>
      <ItemType>1</ItemType>
      <ItemName>האגיס אקסטרה קר מידה NB</ItemName>
      <ManufacturerName>חוגלה קימברלי</ManufacturerName>
      <ManufactureCountry>US</ManufactureCountry>
      <ManufacturerItemDescription>חיתולי האגיס</ManufacturerItemDescription>
      <UnitQty>יחידה</UnitQty>
      <Quantity>1.00</Quantity>
      <bIsWeighted>0</bIsWeighted>
      <UnitOfMeasure>יחידה</UnitOfMeasure>
      <QtyInPackage>0</QtyInPackage>
      <ItemPrice>32.90</ItemPrice>
      <UnitOfMeasurePrice>32.90</UnitOfMeasurePrice>
      <AllowDiscount>1</AllowDiscount>
      <ItemStatus>1</ItemStatus>
    </Item>
    <Item>
      <PriceUpdateDate>2020-01-20 00:21</PriceUpdateDate>
      <ItemCode>7290000191652</ItemCode>
      <ItemType>1</ItemType>
      <ItemName>קלינקס מעוצב 90*3 יחידות</ItemName>
      <ManufacturerName>חוגלה קימברלי</ManufacturerName>
      <ManufactureCountry>IL</ManufactureCountry>
      <ManufacturerItemDescription>קלינקס מעוצב 3יח</ManufacturerItemDescription>
      <UnitQty>יחידה</UnitQty>
      <Quantity>1.00</Quantity>
      <bIsWeighted>0</bIsWeighted>
      <UnitOfMeasure>יחידה</UnitOfMeasure>
      <QtyInPackage>0</QtyInPackage>
      <ItemPrice>12.90</ItemPrice>
      <UnitOfMeasurePrice>12.90</UnitOfMeasurePrice>
      <AllowDiscount>1</AllowDiscount>
      <ItemStatus>1</ItemStatus>
    </Item>
    <Item>
      <PriceUpdateDate>2020-01-20 00:14</PriceUpdateDate>
      <ItemCode>7290000193083</ItemCode>
      <ItemType>1</ItemType>
      <ItemName>תחבושות נובה לי 28 יח'</ItemName>
      <ManufacturerName>חוגלה קימברלי</ManufacturerName>
      <ManufactureCountry>CZ</ManufactureCountry>
      <ManufacturerItemDescription>תחבושות נובה לי</ManufacturerItemDescription>
      <UnitQty>יחידה</UnitQty>
      <Quantity>1.00</Quantity>
      <bIsWeighted>0</bIsWeighted>
      <UnitOfMeasure>יחידה</UnitOfMeasure>
      <QtyInPackage>0</QtyInPackage>
      <ItemPrice>9.90</ItemPrice>
      <UnitOfMeasurePrice>9.90</UnitOfMeasurePrice>
      <AllowDiscount>1</AllowDiscount>
      <ItemStatus>1</ItemStatus>
    </Item>
    <Item>
      <PriceUpdateDate>2020-01-20 00:14</PriceUpdateDate>
      <ItemCode>7290000193205</ItemCode>
      <ItemType>1</ItemType>
      <ItemName>20 תחבושות לילי ללילה</ItemName>
      <ManufacturerName>חוגלה קימברלי</ManufacturerName>
      <ManufactureCountry>BE</ManufactureCountry>
      <ManufacturerItemDescription>תחבושות לילי</ManufacturerItemDescription>
      <UnitQty>יחידה</UnitQty>
      <Quantity>1.00</Quantity>
      <bIsWeighted>0</bIsWeighted>
      <UnitOfMeasure>יחידה</UnitOfMeasure>
      <QtyInPackage>0</QtyInPackage>
      <ItemPrice>13.90</ItemPrice>
      <UnitOfMeasurePrice>13.90</UnitOfMeasurePrice>
      <AllowDiscount>1</AllowDiscount>
      <ItemStatus>1</ItemStatus>
    </Item>
    <Item>
      <PriceUpdateDate>2020-01-20 00:14</PriceUpdateDate>
      <ItemCode>7290000193472</ItemCode>
      <ItemType>1</ItemType>
      <ItemName>לילי מגן תחתון נורמל</ItemName>
      <ManufacturerName>חוגלה קימברלי</ManufacturerName>
      <ManufactureCountry>ES</ManufactureCountry>
      <ManufacturerItemDescription>פדיות לילי</ManufacturerItemDescription>
      <UnitQty>יחידה</UnitQty>
      <Quantity>1.00</Quantity>
      <bIsWeighted>0</bIsWeighted>
      <UnitOfMeasure>יחידה</UnitOfMeasure>
      <QtyInPackage>0</QtyInPackage>
      <ItemPrice>13.90</ItemPrice>
      <UnitOfMeasurePrice>13.90</UnitOfMeasurePrice>
      <AllowDiscount>1</AllowDiscount>
      <ItemStatus>1</ItemStatus>
    </Item>
    <Item>
      <PriceUpdateDate>2020-01-20 00:14</PriceUpdateDate>
      <ItemCode>7290000193649</ItemCode>
      <ItemType>1</ItemType>
      <ItemName>24 תחבושות לילי נורמל+</ItemName>
      <ManufacturerName>חוגלה קימברלי</ManufacturerName>
      <ManufactureCountry>ES</ManufactureCountry>
      <ManufacturerItemDescription>תחבושות לילי</ManufacturerItemDescription>
      <UnitQty>יחידה</UnitQty>
      <Quantity>1.00</Quantity>
      <bIsWeighted>0</bIsWeighted>
      <UnitOfMeasure>יחידה</UnitOfMeasure>
      <QtyInPackage>0</QtyInPackage>
      <ItemPrice>13.90</ItemPrice>
      <UnitOfMeasurePrice>13.90</UnitOfMeasurePrice>
      <AllowDiscount>1</AllowDiscount>
      <ItemStatus>1</ItemStatus>
    </Item>
    <Item>
      <PriceUpdateDate>2020-01-20 00:14</PriceUpdateDate>
      <ItemCode>7290000193656</ItemCode>
      <ItemType>1</ItemType>
      <ItemName>לילי תחבושות סופר פלוס</ItemName>
      <ManufacturerName>חוגלה קימברלי</ManufacturerName>
      <ManufactureCountry>ES</ManufactureCountry>
      <ManufacturerItemDescription>תחבושות לילי</ManufacturerItemDescription>
      <UnitQty>יחידה</UnitQty>
      <Quantity>1.00</Quantity>
      <bIsWeighted>0</bIsWeighted>
      <UnitOfMeasure>יחידה</UnitOfMeasure>
      <QtyInPackage>0</QtyInPackage>
      <ItemPrice>13.90</ItemPrice>
      <UnitOfMeasurePrice>13.90</UnitOfMeasurePrice>
      <AllowDiscount>1</AllowDiscount>
      <ItemStatus>1</ItemStatus>
    </Item>
    <Item>
      <PriceUpdateDate>2020-01-20 00:14</PriceUpdateDate>
      <ItemCode>7290000195537</ItemCode>
      <ItemType>1</ItemType>
      <ItemName>מגב.האגיס ללא בישום 64*4</ItemName>
      <ManufacturerName>חוגלה קימברלי</ManufacturerName>
      <ManufactureCountry>IL</ManufactureCountry>
      <ManufacturerItemDescription>מגבוני האגיס 4יח</ManufacturerItemDescription>
      <UnitQty>יחידה</UnitQty>
      <Quantity>1.00</Quantity>
      <bIsWeighted>0</bIsWeighted>
      <UnitOfMeasure>יחידה</UnitOfMeasure>
      <QtyInPackage>0</QtyInPackage>
      <ItemPrice>23.90</ItemPrice>
      <UnitOfMeasurePrice>23.90</UnitOfMeasurePrice>
      <AllowDiscount>1</AllowDiscount>
      <ItemStatus>1</ItemStatus>
    </Item>
    <Item>
      <PriceUpdateDate>2020-01-20 00:14</PriceUpdateDate>
      <ItemCode>7290000195544</ItemCode>
      <ItemType>1</ItemType>
      <ItemName>מגב.האגיס בישום עדין64*4</ItemName>
      <ManufacturerName>חוגלה קימברלי</ManufacturerName>
      <ManufactureCountry>IL</ManufactureCountry>
      <ManufacturerItemDescription>מגבוני האגיס 4יח</ManufacturerItemDescription>
      <UnitQty>יחידה</UnitQty>
      <Quantity>1.00</Quantity>
      <bIsWeighted>0</bIsWeighted>
      <UnitOfMeasure>יחידה</UnitOfMeasure>
      <QtyInPackage>0</QtyInPackage>
      <ItemPrice>23.90</ItemPrice>
      <UnitOfMeasurePrice>23.90</UnitOfMeasurePrice>
      <AllowDiscount>1</AllowDiscount>
      <ItemStatus>1</ItemStatus>
    </Item>
    <Item>
      <PriceUpdateDate>2020-01-20 00:14</PriceUpdateDate>
      <ItemCode>7290000195773</ItemCode>
      <ItemType>1</ItemType>
      <ItemName>מגבוני האגיס אלוורה 64*4</ItemName>
      <ManufacturerName>חוגלה קימברלי</ManufacturerName>
      <ManufactureCountry>IL</ManufactureCountry>
      <ManufacturerItemDescription>מגבוני האגיס 4יח</ManufacturerItemDescription>
      <UnitQty>יחידה</UnitQty>
      <Quantity>1.00</Quantity>
      <bIsWeighted>0</bIsWeighted>
      <UnitOfMeasure>יחידה</UnitOfMeasure>
      <QtyInPackage>0</QtyInPackage>
      <ItemPrice>23.90</ItemPrice>
      <UnitOfMeasurePrice>23.90</UnitOfMeasurePrice>
      <AllowDiscount>1</AllowDiscount>
      <ItemStatus>1</ItemStatus>
    </Item>
    <Item>
      <PriceUpdateDate>2020-01-20 00:21</PriceUpdateDate>
      <ItemCode>7290000197456</ItemCode>
      <ItemType>1</ItemType>
      <ItemName>האגיס פרידום דריי מידה 4</ItemName>
      <ManufacturerName>חוגלה קימברלי</ManufacturerName>
      <ManufactureCountry>IL</ManufactureCountry>
      <ManufacturerItemDescription>חיתולי האגיס</ManufacturerItemDescription>
      <UnitQty>יחידה</UnitQty>
      <Quantity>1.00</Quantity>
      <bIsWeighted>0</bIsWeighted>
      <UnitOfMeasure>יחידה</UnitOfMeasure>
      <QtyInPackage>0</QtyInPackage>
      <ItemPrice>43.90</ItemPrice>
      <UnitOfMeasurePrice>43.90</UnitOfMeasurePrice>
      <AllowDiscount>1</AllowDiscount>
      <ItemStatus>1</ItemStatus>
    </Item>
    <Item>
      <PriceUpdateDate>2020-01-20 00:21</PriceUpdateDate>
      <ItemCode>7290000197463</ItemCode>
      <ItemType>1</ItemType>
      <ItemName>האגיס פרידום דריי +4</ItemName>
      <ManufacturerName>חוגלה קימברלי</ManufacturerName>
      <ManufactureCountry>IL</ManufactureCountry>
      <ManufacturerItemDescription>חיתולי האגיס</ManufacturerItemDescription>
      <UnitQty>יחידה</UnitQty>
      <Quantity>1.00</Quantity>
      <bIsWeighted>0</bIsWeighted>
      <UnitOfMeasure>יחידה</UnitOfMeasure>
      <QtyInPackage>0</QtyInPackage>
      <ItemPrice>43.90</ItemPrice>
      <UnitOfMeasurePrice>43.90</UnitOfMeasurePrice>
      <AllowDiscount>1</AllowDiscount>
      <ItemStatus>1</ItemStatus>
    </Item>
    <Item>
      <PriceUpdateDate>2020-01-20 00:21</PriceUpdateDate>
      <ItemCode>7290000197548</ItemCode>
      <ItemType>1</ItemType>
      <ItemName>האגיס פרידום דריי מידה 5</ItemName>
      <ManufacturerName>חוגלה קימברלי</ManufacturerName>
      <ManufactureCountry>IL</ManufactureCountry>
      <ManufacturerItemDescription>חיתולי האגיס</ManufacturerItemDescription>
      <UnitQty>יחידה</UnitQty>
      <Quantity>1.00</Quantity>
      <bIsWeighted>0</bIsWeighted>
      <UnitOfMeasure>יחידה</UnitOfMeasure>
      <QtyInPackage>0</QtyInPackage>
      <ItemPrice>43.90</ItemPrice>
      <UnitOfMeasurePrice>43.90</UnitOfMeasurePrice>
      <AllowDiscount>1</AllowDiscount>
      <ItemStatus>1</ItemStatus>
    </Item>
    <Item>
      <PriceUpdateDate>2020-01-20 00:21</PriceUpdateDate>
      <ItemCode>7290000197678</ItemCode>
      <ItemType>1</ItemType>
      <ItemName>האגיס פרידום דריי מידה 6</ItemName>
      <ManufacturerName>חוגלה קימברלי</ManufacturerName>
      <ManufactureCountry>IL</ManufactureCountry>
      <ManufacturerItemDescription>חיתולי האגיס</ManufacturerItemDescription>
      <UnitQty>יחידה</UnitQty>
      <Quantity>1.00</Quantity>
      <bIsWeighted>0</bIsWeighted>
      <UnitOfMeasure>יחידה</UnitOfMeasure>
      <QtyInPackage>0</QtyInPackage>
      <ItemPrice>43.90</ItemPrice>
      <UnitOfMeasurePrice>43.90</UnitOfMeasurePrice>
      <AllowDiscount>1</AllowDiscount>
      <ItemStatus>1</ItemStatus>
    </Item>
    <Item>
      <PriceUpdateDate>2020-10-10 21:00</PriceUpdateDate>
      <ItemCode>7290000199313</ItemCode>
      <ItemType>1</ItemType>
      <ItemName>תחבושות קוטקס יאנג</ItemName>
      <ManufacturerName>קימברלי קלארק</ManufacturerName>
      <ManufactureCountry>CZ</ManufactureCountry>
      <ManufacturerItemDescription>קוטקס תחבושות</ManufacturerItemDescription>
      <UnitQty>יחידה</UnitQty>
      <Quantity>1.00</Quantity>
      <bIsWeighted>0</bIsWeighted>
      <UnitOfMeasure>יחידה</UnitOfMeasure>
      <QtyInPackage>0</QtyInPackage>
      <ItemPrice>17.90</ItemPrice>
      <UnitOfMeasurePrice>17.90</UnitOfMeasurePrice>
      <AllowDiscount>1</AllowDiscount>
      <ItemStatus>1</ItemStatus>
    </Item>
    <Item>
      <PriceUpdateDate>2020-01-20 00:21</PriceUpdateDate>
      <ItemCode>7290000203560</ItemCode>
      <ItemType>1</ItemType>
      <ItemName>סדיניה שקמה 15 יחידות</ItemName>
      <ManufacturerName>חוגלה קימברלי</ManufacturerName>
      <ManufactureCountry>IL</ManufactureCountry>
      <ManufacturerItemDescription>סדיניה שקמה</ManufacturerItemDescription>
      <UnitQty>יחידה</UnitQty>
      <Quantity>1.00</Quantity>
      <bIsWeighted>0</bIsWeighted>
      <UnitOfMeasure>יחידה</UnitOfMeasure>
      <QtyInPackage>0</QtyInPackage>
      <ItemPrice>46.90</ItemPrice>
      <UnitOfMeasurePrice>46.90</UnitOfMeasurePrice>
      <AllowDiscount>1</AllowDiscount>
      <ItemStatus>1</ItemStatus>
    </Item>
    <Item>
      <PriceUpdateDate>2020-01-20 00:21</PriceUpdateDate>
      <ItemCode>7290000205762</ItemCode>
      <ItemType>1</ItemType>
      <ItemName>האגיס אקסטרה קר מידה 3</ItemName>
      <ManufacturerName>חוגלה קימברלי</ManufacturerName>
      <ManufactureCountry>CZ</ManufactureCountry>
      <ManufacturerItemDescription>חיתולי האגיס</ManufacturerItemDescription>
      <UnitQty>יחידה</UnitQty>
      <Quantity>1.00</Quantity>
      <bIsWeighted>0</bIsWeighted>
      <UnitOfMeasure>יחידה</UnitOfMeasure>
      <QtyInPackage>1</QtyInPackage>
      <ItemPrice>55.90</ItemPrice>
      <UnitOfMeasurePrice>55.90</UnitOfMeasurePrice>
      <AllowDiscount>1</AllowDiscount>
      <ItemStatus>1</ItemStatus>
    </Item>
    <Item>
      <PriceUpdateDate>2020-01-20 00:21</PriceUpdateDate>
      <ItemCode>7290000205915</ItemCode>
      <ItemType>1</ItemType>
      <ItemName>האגיס אקסטרה קר מידה 4</ItemName>
      <ManufacturerName>חוגלה קימברלי</ManufacturerName>
      <ManufactureCountry>CZ</ManufactureCountry>
      <ManufacturerItemDescription>חיתולי האגיס</ManufacturerItemDescription>
      <UnitQty>יחידה</UnitQty>
      <Quantity>1.00</Quantity>
      <bIsWeighted>0</bIsWeighted>
      <UnitOfMeasure>יחידה</UnitOfMeasure>
      <QtyInPackage>1</QtyInPackage>
      <ItemPrice>55.90</ItemPrice>
      <UnitOfMeasurePrice>55.90</UnitOfMeasurePrice>
      <AllowDiscount>1</AllowDiscount>
      <ItemStatus>1</ItemStatus>
    </Item>
    <Item>
      <PriceUpdateDate>2020-10-10 21:30</PriceUpdateDate>
      <ItemCode>7290000244143</ItemCode>
      <ItemType>1</ItemType>
      <ItemName>קרם הוואי לאחר גילוח120ג</ItemName>
      <ManufacturerName>טרופיקל דגיל</ManufacturerName>
      <ManufactureCountry>IL</ManufactureCountry>
      <ManufacturerItemDescription>קרם לאחר גילוח</ManufacturerItemDescription>
      <UnitQty>גרמים</UnitQty>
      <Quantity>120.00</Quantity>
      <bIsWeighted>0</bIsWeighted>
      <UnitOfMeasure>100 גרם</UnitOfMeasure>
      <QtyInPackage>0</QtyInPackage>
      <ItemPrice>19.90</ItemPrice>
      <UnitOfMeasurePrice>16.58</UnitOfMeasurePrice>
      <AllowDiscount>1</AllowDiscount>
      <ItemStatus>1</ItemStatus>
    </Item>
    <Item>
      <PriceUpdateDate>2020-01-20 00:14</PriceUpdateDate>
      <ItemCode>7290000244761</ItemCode>
      <ItemType>1</ItemType>
      <ItemName>קרם ידיים ולווטה 100 מ"ל</ItemName>
      <ManufacturerName>טרופיקל דגיל</ManufacturerName>
      <ManufactureCountry>IL</ManufactureCountry>
      <ManufacturerItemDescription>קרם ידיים ולווטה</ManufacturerItemDescription>
      <UnitQty>מיליליטרים</UnitQty>
      <Quantity>100.00</Quantity>
      <bIsWeighted>0</bIsWeighted>
      <UnitOfMeasure>100 מ"ל</UnitOfMeasure>
      <QtyInPackage>0</QtyInPackage>
      <ItemPrice>9.90</ItemPrice>
      <UnitOfMeasurePrice>9.90</UnitOfMeasurePrice>
      <AllowDiscount>1</AllowDiscount>
      <ItemStatus>1</ItemStatus>
    </Item>
    <Item>
      <PriceUpdateDate>2020-01-20 00:21</PriceUpdateDate>
      <ItemCode>7290000263359</ItemCode>
      <ItemType>1</ItemType>
      <ItemName>האגיס אקסטרה קר שלב1</ItemName>
      <ManufacturerName>חוגלה קימברלי</ManufacturerName>
      <ManufactureCountry>IL</ManufactureCountry>
      <ManufacturerItemDescription>חיתולי האגיס</ManufacturerItemDescription>
      <UnitQty>יחידה</UnitQty>
      <Quantity>1.00</Quantity>
      <bIsWeighted>0</bIsWeighted>
      <UnitOfMeasure>יחידה</UnitOfMeasure>
      <QtyInPackage>0</QtyInPackage>
      <ItemPrice>32.90</ItemPrice>
      <UnitOfMeasurePrice>32.90</UnitOfMeasurePrice>
      <AllowDiscount>1</AllowDiscount>
      <ItemStatus>1</ItemStatus>
    </Item>
    <Item>
      <PriceUpdateDate>2020-01-20 00:09</PriceUpdateDate>
      <ItemCode>7290000264752</ItemCode>
      <ItemType>1</ItemType>
      <ItemName>זוג רדיד אלומיניום מעוצב</ItemName>
      <ManufacturerName>---</ManufacturerName>
      <ManufactureCountry>IL</ManufactureCountry>
      <ManufacturerItemDescription>רדיד אלומיניום2*</ManufacturerItemDescription>
      <UnitQty>מטרים</UnitQty>
      <Quantity>15.00</Quantity>
      <bIsWeighted>0</bIsWeighted>
      <UnitOfMeasure>מטר</UnitOfMeasure>
      <QtyInPackage>1</QtyInPackage>
      <ItemPrice>11.90</ItemPrice>
      <UnitOfMeasurePrice>0.79</UnitOfMeasurePrice>
      <AllowDiscount>1</AllowDiscount>
      <ItemStatus>1</ItemStatus>
    </Item>
    <Item>
      <PriceUpdateDate>2020-05-06 16:13</PriceUpdateDate>
      <ItemCode>7290000286228</ItemCode>
      <ItemType>1</ItemType>
      <ItemName>ספוגיות לניקוי כלים 6 יח</ItemName>
      <ManufacturerName>סנו מפעלי ברונו בעמ</ManufacturerName>
      <ManufactureCountry>IL</ManufactureCountry>
      <ManufacturerItemDescription>ספוגיות לכלים6יח</ManufacturerItemDescription>
      <UnitQty>יחידה</UnitQty>
      <Quantity>1.00</Quantity>
      <bIsWeighted>0</bIsWeighted>
      <UnitOfMeasure>יחידה</UnitOfMeasure>
      <QtyInPackage>0</QtyInPackage>
      <ItemPrice>20.90</ItemPrice>
      <UnitOfMeasurePrice>20.90</UnitOfMeasurePrice>
      <AllowDiscount>1</AllowDiscount>
      <ItemStatus>1</ItemStatus>
    </Item>
    <Item>
      <PriceUpdateDate>2020-10-10 21:30</PriceUpdateDate>
      <ItemCode>7290000286471</ItemCode>
      <ItemType>1</ItemType>
      <ItemName>ג'ל ניקוי ידיים ילדים29מ</ItemName>
      <ManufacturerName>קוסמופארם</ManufacturerName>
      <ManufactureCountry>CN</ManufactureCountry>
      <ManufacturerItemDescription>ג'ל לניקוי ידיים</ManufacturerItemDescription>
      <UnitQty>מיליליטרים</UnitQty>
      <Quantity>29.00</Quantity>
      <bIsWeighted>0</bIsWeighted>
      <UnitOfMeasure>100 מ"ל</UnitOfMeasure>
      <QtyInPackage>1</QtyInPackage>
      <ItemPrice>9.90</ItemPrice>
      <UnitOfMeasurePrice>34.14</UnitOfMeasurePrice>
      <AllowDiscount>1</AllowDiscount>
      <ItemStatus>1</ItemStatus>
    </Item>
    <Item>
      <PriceUpdateDate>2020-10-10 19:40</PriceUpdateDate>
      <ItemCode>7290000287492</ItemCode>
      <ItemType>1</ItemType>
      <ItemName>סנובון נוזלי לימון 750מל</ItemName>
      <ManufacturerName>סנו מפעלי ברונוס בע"מ</ManufacturerName>
      <ManufactureCountry>IL</ManufactureCountry>
      <ManufacturerItemDescription>סנובון נוזלי</ManufacturerItemDescription>
      <UnitQty>מיליליטרים</UnitQty>
      <Quantity>750.00</Quantity>
      <bIsWeighted>0</bIsWeighted>
      <UnitOfMeasure>100 מ"ל</UnitOfMeasure>
      <QtyInPackage>0</QtyInPackage>
      <ItemPrice>8.90</ItemPrice>
      <UnitOfMeasurePrice>1.18</UnitOfMeasurePrice>
      <AllowDiscount>1</AllowDiscount>
      <ItemStatus>1</ItemStatus>
    </Item>
    <Item>
      <PriceUpdateDate>2020-10-10 19:40</PriceUpdateDate>
      <ItemCode>7290000287621</ItemCode>
      <ItemType>1</ItemType>
      <ItemName>סנו אנטי קאלק לאסלות750מ</ItemName>
      <ManufacturerName>סנו מפעלי ברונוס בעמ</ManufacturerName>
      <ManufactureCountry>IL</ManufactureCountry>
      <ManufacturerItemDescription>סנו מנקה אסלות</ManufacturerItemDescription>
      <UnitQty>מיליליטרים</UnitQty>
      <Quantity>750.00</Quantity>
      <bIsWeighted>0</bIsWeighted>
      <UnitOfMeasure>100 מ"ל</UnitOfMeasure>
      <QtyInPackage>0</QtyInPackage>
      <ItemPrice>8.90</ItemPrice>
      <UnitOfMeasurePrice>1.19</UnitOfMeasurePrice>
      <AllowDiscount>1</AllowDiscount>
      <ItemStatus>1</ItemStatus>
    </Item>
    <Item>
      <PriceUpdateDate>2020-03-04 15:34</PriceUpdateDate>
      <ItemCode>7290000288390</ItemCode>
      <ItemType>1</ItemType>
      <ItemName>600-K יבש קוטל חרקים500מ</ItemName>
      <ManufacturerName>סנו מפעלי ברונוס בע"מ</ManufacturerName>
      <ManufactureCountry>IL</ManufactureCountry>
      <ManufacturerItemDescription>סנו 600-K תרסיס</ManufacturerItemDescription>
      <UnitQty>מיליליטרים</UnitQty>
      <Quantity>500.00</Quantity>
      <bIsWeighted>0</bIsWeighted>
      <UnitOfMeasure>100 מ"ל</UnitOfMeasure>
      <QtyInPackage>0</QtyInPackage>
      <ItemPrice>26.90</ItemPrice>
      <UnitOfMeasurePrice>5.38</UnitOfMeasurePrice>
      <AllowDiscount>1</AllowDiscount>
      <ItemStatus>1</ItemStatus>
    </Item>
    <Item>
      <PriceUpdateDate>2020-10-11 22:20</PriceUpdateDate>
      <ItemCode>7290000288727</ItemCode>
      <ItemType>1</ItemType>
      <ItemName>א.כביסה מקסימה מאסק1.25ק</ItemName>
      <ManufacturerName>סנו</ManufacturerName>
      <ManufactureCountry>IL</ManufactureCountry>
      <ManufacturerItemDescription>אבקת כביסה</ManufacturerItemDescription>
      <UnitQty>קילוגרמים</UnitQty>
      <Quantity>1.25</Quantity>
      <bIsWeighted>0</bIsWeighted>
      <UnitOfMeasure>ק"ג</UnitOfMeasure>
      <QtyInPackage>0</QtyInPackage>
      <ItemPrice>9.90</ItemPrice>
      <UnitOfMeasurePrice>7.92</UnitOfMeasurePrice>
      <AllowDiscount>1</AllowDiscount>
      <ItemStatus>1</ItemStatus>
    </Item>
    <Item>
      <PriceUpdateDate>2020-07-28 16:05</PriceUpdateDate>
      <ItemCode>7290000289069</ItemCode>
      <ItemType>1</ItemType>
      <ItemName>סנו ג'אוול מרסס לימון 1ל</ItemName>
      <ManufacturerName>סנו מפעלי ברונוס בע"מ</ManufacturerName>
      <ManufactureCountry>IL</ManufactureCountry>
      <ManufacturerItemDescription>סנו ג'אוול מרסס</ManufacturerItemDescription>
      <UnitQty>ליטרים</UnitQty>
      <Quantity>1.00</Quantity>
      <bIsWeighted>0</bIsWeighted>
      <UnitOfMeasure>ליטר</UnitOfMeasure>
      <QtyInPackage>0</QtyInPackage>
      <ItemPrice>18.90</ItemPrice>
      <UnitOfMeasurePrice>18.90</UnitOfMeasurePrice>
      <AllowDiscount>1</AllowDiscount>
      <ItemStatus>1</ItemStatus>
    </Item>
    <Item>
      <PriceUpdateDate>2020-01-20 00:14</PriceUpdateDate>
      <ItemCode>7290000289595</ItemCode>
      <ItemType>1</ItemType>
      <ItemName>אורביטול קיד תות 145 גרם</ItemName>
      <ManufacturerName>טרופיקל דגיל תעשיות קוסמ</ManufacturerName>
      <ManufactureCountry>IL</ManufactureCountry>
      <ManufacturerItemDescription>משחת שיניים</ManufacturerItemDescription>
      <UnitQty>גרמים</UnitQty>
      <Quantity>145.00</Quantity>
      <bIsWeighted>0</bIsWeighted>
      <UnitOfMeasure>100 גרם</UnitOfMeasure>
      <QtyInPackage>0</QtyInPackage>
      <ItemPrice>10.90</ItemPrice>
      <UnitOfMeasurePrice>7.52</UnitOfMeasurePrice>
      <AllowDiscount>1</AllowDiscount>
      <ItemStatus>1</ItemStatus>
    </Item>
    <Item>
      <PriceUpdateDate>2020-01-20 00:21</PriceUpdateDate>
      <ItemCode>7290000289748</ItemCode>
      <ItemType>1</ItemType>
      <ItemName>סנו פורטה שומנים 750 מ"ל</ItemName>
      <ManufacturerName>סנו מפעלי ברונוס בע"\מ</ManufacturerName>
      <ManufactureCountry>IL</ManufactureCountry>
      <ManufacturerItemDescription>סנו פורטה</ManufacturerItemDescription>
      <UnitQty>מיליליטרים</UnitQty>
      <Quantity>750.00</Quantity>
      <bIsWeighted>0</bIsWeighted>
      <UnitOfMeasure>100 מ"ל</UnitOfMeasure>
      <QtyInPackage>0</QtyInPackage>
      <ItemPrice>15.90</ItemPrice>
      <UnitOfMeasurePrice>2.12</UnitOfMeasurePrice>
      <AllowDiscount>1</AllowDiscount>
      <ItemStatus>1</ItemStatus>
    </Item>
    <Item>
      <PriceUpdateDate>2020-10-10 19:40</PriceUpdateDate>
      <ItemCode>7290000292311</ItemCode>
      <ItemType>1</ItemType>
      <ItemName>פוליויקס סחלבים 2 ליטר</ItemName>
      <ManufacturerName>סנו</ManufacturerName>
      <ManufactureCountry>IL</ManufactureCountry>
      <ManufacturerItemDescription>סנו פוליויקס</ManufacturerItemDescription>
      <UnitQty>ליטרים</UnitQty>
      <Quantity>2.00</Quantity>
      <bIsWeighted>0</bIsWeighted>
      <UnitOfMeasure>ליטר</UnitOfMeasure>
      <QtyInPackage>0</QtyInPackage>
      <ItemPrice>19.90</ItemPrice>
      <UnitOfMeasurePrice>9.95</UnitOfMeasurePrice>
      <AllowDiscount>1</AllowDiscount>
      <ItemStatus>1</ItemStatus>
    </Item>
    <Item>
      <PriceUpdateDate>2020-03-04 15:34</PriceUpdateDate>
      <ItemCode>7290000292557</ItemCode>
      <ItemType>1</ItemType>
      <ItemName>סנומט נוזלי45לילות-מילוי</ItemName>
      <ManufacturerName>סנו</ManufacturerName>
      <ManufactureCountry>IT</ManufactureCountry>
      <ManufacturerItemDescription>נוזל מילוי סנו</ManufacturerItemDescription>
      <UnitQty>מיליליטרים</UnitQty>
      <Quantity>35.00</Quantity>
      <bIsWeighted>0</bIsWeighted>
      <UnitOfMeasure>100 מ"ל</UnitOfMeasure>
      <QtyInPackage>0</QtyInPackage>
      <ItemPrice>21.90</ItemPrice>
      <UnitOfMeasurePrice>62.57</UnitOfMeasurePrice>
      <AllowDiscount>1</AllowDiscount>
      <ItemStatus>1</ItemStatus>
    </Item>
    <Item>
      <PriceUpdateDate>2020-10-10 20:20</PriceUpdateDate>
      <ItemCode>7290000292687</ItemCode>
      <ItemType>1</ItemType>
      <ItemName>סנובון כחול שלישיה55*3גר</ItemName>
      <ManufacturerName>סנו מפעלי ברונו בעמ</ManufacturerName>
      <ManufactureCountry>IL</ManufactureCountry>
      <ManufacturerItemDescription>סנובון כחול 3 יח</ManufacturerItemDescription>
      <UnitQty>גרמים</UnitQty>
      <Quantity>165.00</Quantity>
      <bIsWeighted>0</bIsWeighted>
      <UnitOfMeasure>100 גרם</UnitOfMeasure>
      <QtyInPackage>0</QtyInPackage>
      <ItemPrice>13.90</ItemPrice>
      <UnitOfMeasurePrice>8.42</UnitOfMeasurePrice>
      <AllowDiscount>1</AllowDiscount>
      <ItemStatus>1</ItemStatus>
    </Item>
    <Item>
      <PriceUpdateDate>2020-10-12 22:20</PriceUpdateDate>
      <ItemCode>7290000293820</ItemCode>
      <ItemType>1</ItemType>
      <ItemName>שמפו וג'ל רחצה קרמה 700</ItemName>
      <ManufacturerName>קוסמופארם</ManufacturerName>
      <ManufactureCountry>IL</ManufactureCountry>
      <ManufacturerItemDescription>שמפו וג'ל רחצה</ManufacturerItemDescription>
      <UnitQty>מיליליטרים</UnitQty>
      <Quantity>700.00</Quantity>
      <bIsWeighted>0</bIsWeighted>
      <UnitOfMeasure>100 מ"ל</UnitOfMeasure>
      <QtyInPackage>1</QtyInPackage>
      <ItemPrice>15.90</ItemPrice>
      <UnitOfMeasurePrice>2.27</UnitOfMeasurePrice>
      <AllowDiscount>1</AllowDiscount>
      <ItemStatus>1</ItemStatus>
    </Item>
    <Item>
      <PriceUpdateDate>2020-10-10 20:20</PriceUpdateDate>
      <ItemCode>7290000293837</ItemCode>
      <ItemType>1</ItemType>
      <ItemName>דאו.ג'ל קרמה מן פאוור70מ</ItemName>
      <ManufacturerName>קוסמופארם</ManufacturerName>
      <ManufactureCountry>IL</ManufactureCountry>
      <ManufacturerItemDescription>דאו.ג'ל קרמה מן</ManufacturerItemDescription>
      <UnitQty>מיליליטרים</UnitQty>
      <Quantity>70.00</Quantity>
      <bIsWeighted>0</bIsWeighted>
      <UnitOfMeasure>100 מ"ל</UnitOfMeasure>
      <QtyInPackage>1</QtyInPackage>
      <ItemPrice>15.90</ItemPrice>
      <UnitOfMeasurePrice>22.72</UnitOfMeasurePrice>
      <AllowDiscount>1</AllowDiscount>
      <ItemStatus>1</ItemStatus>
    </Item>
    <Item>
      <PriceUpdateDate>2020-01-20 00:21</PriceUpdateDate>
      <ItemCode>7290000293943</ItemCode>
      <ItemType>1</ItemType>
      <ItemName>סנו אנטי קאלק מרסס 1 ל'</ItemName>
      <ManufacturerName>סנו מפעלי ברונוס בעמ</ManufacturerName>
      <ManufactureCountry>IL</ManufactureCountry>
      <ManufacturerItemDescription>סנו אנטי קאלק</ManufacturerItemDescription>
      <UnitQty>ליטרים</UnitQty>
      <Quantity>1.00</Quantity>
      <bIsWeighted>0</bIsWeighted>
      <UnitOfMeasure>ליטר</UnitOfMeasure>
      <QtyInPackage>0</QtyInPackage>
      <ItemPrice>17.90</ItemPrice>
      <UnitOfMeasurePrice>17.90</UnitOfMeasurePrice>
      <AllowDiscount>1</AllowDiscount>
      <ItemStatus>1</ItemStatus>
    </Item>
    <Item>
      <PriceUpdateDate>2020-10-11 22:20</PriceUpdateDate>
      <ItemCode>7290000295336</ItemCode>
      <ItemType>1</ItemType>
      <ItemName>אבקת מקסימה סנסטיב 1.25ק</ItemName>
      <ManufacturerName>סנו</ManufacturerName>
      <ManufactureCountry>IL</ManufactureCountry>
      <ManufacturerItemDescription>אבקת כביסה</ManufacturerItemDescription>
      <UnitQty>קילוגרמים</UnitQty>
      <Quantity>1.25</Quantity>
      <bIsWeighted>0</bIsWeighted>
      <UnitOfMeasure>ק"ג</UnitOfMeasure>
      <QtyInPackage>0</QtyInPackage>
      <ItemPrice>9.90</ItemPrice>
      <UnitOfMeasurePrice>7.92</UnitOfMeasurePrice>
      <AllowDiscount>1</AllowDiscount>
      <ItemStatus>1</ItemStatus>
    </Item>
    <Item>
      <PriceUpdateDate>2020-10-10 21:00</PriceUpdateDate>
      <ItemCode>7290000341071</ItemCode>
      <ItemType>1</ItemType>
      <ItemName>מרכך כביסה בדין בייבי 2ל</ItemName>
      <ManufacturerName>יוניליור ישראל טיפוח איש</ManufacturerName>
      <ManufactureCountry>IL</ManufactureCountry>
      <ManufacturerItemDescription>מרכך כביסה בייבי</ManufacturerItemDescription>
      <UnitQty>ליטרים</UnitQty>
      <Quantity>2.00</Quantity>
      <bIsWeighted>0</bIsWeighted>
      <UnitOfMeasure>ליטר</UnitOfMeasure>
      <QtyInPackage>0</QtyInPackage>
      <ItemPrice>14.90</ItemPrice>
      <UnitOfMeasurePrice>7.45</UnitOfMeasurePrice>
      <AllowDiscount>1</AllowDiscount>
      <ItemStatus>1</ItemStatus>
    </Item>
    <Item>
      <PriceUpdateDate>2020-10-10 19:40</PriceUpdateDate>
      <ItemCode>7290000412481</ItemCode>
      <ItemType>1</ItemType>
      <ItemName>מנקה אסלות "00" 1 ליטר</ItemName>
      <ManufacturerName>סנו מפעלי ברונוס בעמ</ManufacturerName>
      <ManufactureCountry>IL</ManufactureCountry>
      <ManufacturerItemDescription>מנקה אסלות 00"</ManufacturerItemDescription>
      <UnitQty>ליטרים</UnitQty>
      <Quantity>1.00</Quantity>
      <bIsWeighted>0</bIsWeighted>
      <UnitOfMeasure>ליטר</UnitOfMeasure>
      <QtyInPackage>0</QtyInPackage>
      <ItemPrice>6.90</ItemPrice>
      <UnitOfMeasurePrice>6.90</UnitOfMeasurePrice>
      <AllowDiscount>1</AllowDiscount>
      <ItemStatus>1</ItemStatus>
    </Item>
    <Item>
      <PriceUpdateDate>2020-06-09 15:35</PriceUpdateDate>
      <ItemCode>7290000416021</ItemCode>
      <ItemType>1</ItemType>
      <ItemName>ממרח בטעם שוקולד 500גר</ItemName>
      <ManufacturerName>השחר העולה</ManufacturerName>
      <ManufactureCountry>IL</ManufactureCountry>
      <ManufacturerItemDescription>ממרח השחר</ManufacturerItemDescription>
      <UnitQty>גרמים</UnitQty>
      <Quantity>500.00</Quantity>
      <bIsWeighted>0</bIsWeighted>
      <UnitOfMeasure>100 גרם</UnitOfMeasure>
      <QtyInPackage>0</QtyInPackage>
      <ItemPrice>14.90</ItemPrice>
      <UnitOfMeasurePrice>2.98</UnitOfMeasurePrice>
      <AllowDiscount>1</AllowDiscount>
      <ItemStatus>1</ItemStatus>
    </Item>
    <Item>
      <PriceUpdateDate>2020-10-10 21:00</PriceUpdateDate>
      <ItemCode>7290000420325</ItemCode>
      <ItemType>1</ItemType>
      <ItemName>גרע.תירס טבעי-מיקרו100*5</ItemName>
      <ManufacturerName>פרסטון פארמס</ManufacturerName>
      <ManufactureCountry>US</ManufactureCountry>
      <ManufacturerItemDescription>פופקורן למיקרו</ManufacturerItemDescription>
      <UnitQty>גרמים</UnitQty>
      <Quantity>500.00</Quantity>
      <bIsWeighted>0</bIsWeighted>
      <UnitOfMeasure>100 גרם</UnitOfMeasure>
      <QtyInPackage>0</QtyInPackage>
      <ItemPrice>12.90</ItemPrice>
      <UnitOfMeasurePrice>2.58</UnitOfMeasurePrice>
      <AllowDiscount>1</AllowDiscount>
      <ItemStatus>1</ItemStatus>
    </Item>
    <Item>
      <PriceUpdateDate>2020-10-10 21:00</PriceUpdateDate>
      <ItemCode>7290000442044</ItemCode>
      <ItemType>1</ItemType>
      <ItemName>פמינה חמוציות 220 מ"ל</ItemName>
      <ManufacturerName>(SALA  (CTS</ManufacturerName>
      <ManufactureCountry>IL</ManufactureCountry>
      <ManufacturerItemDescription>פמינה חמוציות</ManufacturerItemDescription>
      <UnitQty>מיליליטרים</UnitQty>
      <Quantity>220.00</Quantity>
      <bIsWeighted>0</bIsWeighted>
      <UnitOfMeasure>100 מ"ל</UnitOfMeasure>
      <QtyInPackage>0</QtyInPackage>
      <ItemPrice>19.90</ItemPrice>
      <UnitOfMeasurePrice>9.04</UnitOfMeasurePrice>
      <AllowDiscount>1</AllowDiscount>
      <ItemStatus>1</ItemStatus>
    </Item>
    <Item>
      <PriceUpdateDate>2020-01-20 00:21</PriceUpdateDate>
      <ItemCode>7290000504360</ItemCode>
      <ItemType>1</ItemType>
      <ItemName>טלק ריחני אזורה לתינוק80</ItemName>
      <ManufacturerName>ביסקול בע"מ</ManufacturerName>
      <ManufactureCountry>IL</ManufactureCountry>
      <ManufacturerItemDescription>טלק ריחני אזורה</ManufacturerItemDescription>
      <UnitQty>גרמים</UnitQty>
      <Quantity>80.00</Quantity>
      <bIsWeighted>0</bIsWeighted>
      <UnitOfMeasure>100 גרם</UnitOfMeasure>
      <QtyInPackage>0</QtyInPackage>
      <ItemPrice>11.00</ItemPrice>
      <UnitOfMeasurePrice>13.75</UnitOfMeasurePrice>
      <AllowDiscount>1</AllowDiscount>
      <ItemStatus>1</ItemStatus>
    </Item>
    <Item>
      <PriceUpdateDate>2020-10-10 21:00</PriceUpdateDate>
      <ItemCode>7290000560533</ItemCode>
      <ItemType>1</ItemType>
      <ItemName>ג'ל גילוח אדג' לעור רגיל</ItemName>
      <ManufacturerName>אנרג'ייזר</ManufacturerName>
      <ManufactureCountry>US</ManufactureCountry>
      <ManufacturerItemDescription>אדג' ג'ל לגילוח</ManufacturerItemDescription>
      <UnitQty>גרמים</UnitQty>
      <Quantity>198.00</Quantity>
      <bIsWeighted>0</bIsWeighted>
      <UnitOfMeasure>100 גרם</UnitOfMeasure>
      <QtyInPackage>0</QtyInPackage>
      <ItemPrice>13.90</ItemPrice>
      <UnitOfMeasurePrice>7.02</UnitOfMeasurePrice>
      <AllowDiscount>1</AllowDiscount>
      <ItemStatus>1</ItemStatus>
    </Item>
    <Item>
      <PriceUpdateDate>2020-10-10 21:00</PriceUpdateDate>
      <ItemCode>7290000560540</ItemCode>
      <ItemType>1</ItemType>
      <ItemName>אדג' פרו ג'ל רגיש 198 גר</ItemName>
      <ManufacturerName>אנרג'ייזר</ManufacturerName>
      <ManufactureCountry>US</ManufactureCountry>
      <ManufacturerItemDescription>אדג' ג'ל לגילוח</ManufacturerItemDescription>
      <UnitQty>גרמים</UnitQty>
      <Quantity>198.00</Quantity>
      <bIsWeighted>0</bIsWeighted>
      <UnitOfMeasure>100 גרם</UnitOfMeasure>
      <QtyInPackage>0</QtyInPackage>
      <ItemPrice>13.90</ItemPrice>
      <UnitOfMeasurePrice>7.02</UnitOfMeasurePrice>
      <AllowDiscount>1</AllowDiscount>
      <ItemStatus>1</ItemStatus>
    </Item>
    <Item>
      <PriceUpdateDate>2020-01-20 00:21</PriceUpdateDate>
      <ItemCode>7290000679440</ItemCode>
      <ItemType>1</ItemType>
      <ItemName>משחה לתינוק קמיל בלו</ItemName>
      <ManufacturerName>פישר מעבדות פרמצבטיות בע</ManufacturerName>
      <ManufactureCountry>IL</ManufactureCountry>
      <ManufacturerItemDescription>משחה לתינוק</ManufacturerItemDescription>
      <UnitQty>גרמים</UnitQty>
      <Quantity>100.00</Quantity>
      <bIsWeighted>0</bIsWeighted>
      <UnitOfMeasure>100 גרם</UnitOfMeasure>
      <QtyInPackage>0</QtyInPackage>
      <ItemPrice>13.90</ItemPrice>
      <UnitOfMeasurePrice>13.90</UnitOfMeasurePrice>
      <AllowDiscount>1</AllowDiscount>
      <ItemStatus>1</ItemStatus>
    </Item>
    <Item>
      <PriceUpdateDate>2020-01-20 00:21</PriceUpdateDate>
      <ItemCode>7290000679631</ItemCode>
      <ItemType>1</ItemType>
      <ItemName>אל סבון קמיל בלו קלאסיק</ItemName>
      <ManufacturerName>פישר מעבדות פרמצבטיות בע</ManufacturerName>
      <ManufactureCountry>IL</ManufactureCountry>
      <ManufacturerItemDescription>קמיל בלו אלסבון</ManufacturerItemDescription>
      <UnitQty>מיליליטרים</UnitQty>
      <Quantity>500.00</Quantity>
      <bIsWeighted>0</bIsWeighted>
      <UnitOfMeasure>100 מ"ל</UnitOfMeasure>
      <QtyInPackage>0</QtyInPackage>
      <ItemPrice>14.90</ItemPrice>
      <UnitOfMeasurePrice>2.98</UnitOfMeasurePrice>
      <AllowDiscount>1</AllowDiscount>
      <ItemStatus>1</ItemStatus>
    </Item>
    <Item>
      <PriceUpdateDate>2020-10-10 21:00</PriceUpdateDate>
      <ItemCode>7290000689180</ItemCode>
      <ItemType>1</ItemType>
      <ItemName>בליסטיק סטיק</ItemName>
      <ManufacturerName />
      <ManufactureCountry>IL</ManufactureCountry>
      <ManufacturerItemDescription>בליסטיק סטיק</ManufacturerItemDescription>
      <UnitQty>יחידה</UnitQty>
      <Quantity>1.00</Quantity>
      <bIsWeighted>0</bIsWeighted>
      <UnitOfMeasure>יחידה</UnitOfMeasure>
      <QtyInPackage>0</QtyInPackage>
      <ItemPrice>9.90</ItemPrice>
      <UnitOfMeasurePrice>9.90</UnitOfMeasurePrice>
      <AllowDiscount>1</AllowDiscount>
      <ItemStatus>1</ItemStatus>
    </Item>
    <Item>
      <PriceUpdateDate>2020-10-10 21:00</PriceUpdateDate>
      <ItemCode>7290000692135</ItemCode>
      <ItemType>1</ItemType>
      <ItemName>דאו.ספיד סטיק לגבר 51 גר</ItemName>
      <ManufacturerName>קולגייט פלמוליב</ManufacturerName>
      <ManufactureCountry>US</ManufactureCountry>
      <ManufacturerItemDescription>דאודורנט סטיק</ManufacturerItemDescription>
      <UnitQty>גרמים</UnitQty>
      <Quantity>51.00</Quantity>
      <bIsWeighted>0</bIsWeighted>
      <UnitOfMeasure>100 גרם</UnitOfMeasure>
      <QtyInPackage>0</QtyInPackage>
      <ItemPrice>17.90</ItemPrice>
      <UnitOfMeasurePrice>35.10</UnitOfMeasurePrice>
      <AllowDiscount>1</AllowDiscount>
      <ItemStatus>1</ItemStatus>
    </Item>
    <Item>
      <PriceUpdateDate>2020-06-26 00:03</PriceUpdateDate>
      <ItemCode>7290000692302</ItemCode>
      <ItemType>1</ItemType>
      <ItemName>אג'קס נוז.נ.כללי כחול 2ל</ItemName>
      <ManufacturerName>קולגייט פלמוליב</ManufacturerName>
      <ManufactureCountry>GR</ManufactureCountry>
      <ManufacturerItemDescription>אג'קס ניקוי כללי</ManufacturerItemDescription>
      <UnitQty>ליטרים</UnitQty>
      <Quantity>2.00</Quantity>
      <bIsWeighted>0</bIsWeighted>
      <UnitOfMeasure>ליטר</UnitOfMeasure>
      <QtyInPackage>0</QtyInPackage>
      <ItemPrice>22.90</ItemPrice>
      <UnitOfMeasurePrice>11.45</UnitOfMeasurePrice>
      <AllowDiscount>1</AllowDiscount>
      <ItemStatus>1</ItemStatus>
    </Item>
    <Item>
      <PriceUpdateDate>2020-01-20 00:14</PriceUpdateDate>
      <ItemCode>7290000692746</ItemCode>
      <ItemType>1</ItemType>
      <ItemName>משחת קולגייט 75 מ"ל</ItemName>
      <ManufacturerName>ש. שסטוביץ בע"\מ</ManufacturerName>
      <ManufactureCountry>BE</ManufactureCountry>
      <ManufacturerItemDescription>משחת שיניים</ManufacturerItemDescription>
      <UnitQty>מיליליטרים</UnitQty>
      <Quantity>75.00</Quantity>
      <bIsWeighted>0</bIsWeighted>
      <UnitOfMeasure>100 מ"ל</UnitOfMeasure>
      <QtyInPackage>0</QtyInPackage>
      <ItemPrice>9.90</ItemPrice>
      <UnitOfMeasurePrice>13.20</UnitOfMeasurePrice>
      <AllowDiscount>1</AllowDiscount>
      <ItemStatus>1</ItemStatus>
    </Item>
    <Item>
      <PriceUpdateDate>2020-01-20 00:14</PriceUpdateDate>
      <ItemCode>7290000803067</ItemCode>
      <ItemType>1</ItemType>
      <ItemName>משחת אלמקס ילדים 75 מ"ל</ItemName>
      <ManufacturerName>קולגייט פלמוליב</ManufacturerName>
      <ManufactureCountry>PL</ManufactureCountry>
      <ManufacturerItemDescription>משחת שיניים</ManufacturerItemDescription>
      <UnitQty>מיליליטרים</UnitQty>
      <Quantity>75.00</Quantity>
      <bIsWeighted>0</bIsWeighted>
      <UnitOfMeasure>100 מ"ל</UnitOfMeasure>
      <QtyInPackage>0</QtyInPackage>
      <ItemPrice>16.90</ItemPrice>
      <UnitOfMeasurePrice>22.53</UnitOfMeasurePrice>
      <AllowDiscount>1</AllowDiscount>
      <ItemStatus>1</ItemStatus>
    </Item>
    <Item>
      <PriceUpdateDate>2020-10-10 20:20</PriceUpdateDate>
      <ItemCode>7290000803180</ItemCode>
      <ItemType>1</ItemType>
      <ItemName>שטיפה דנטלית מרידול 400מ</ItemName>
      <ManufacturerName>קולגייט פלמוליב</ManufacturerName>
      <ManufactureCountry>CH</ManufactureCountry>
      <ManufacturerItemDescription>שטיפה מרידול</ManufacturerItemDescription>
      <UnitQty>מיליליטרים</UnitQty>
      <Quantity>400.00</Quantity>
      <bIsWeighted>0</bIsWeighted>
      <UnitOfMeasure>100 מ"ל</UnitOfMeasure>
      <QtyInPackage>0</QtyInPackage>
      <ItemPrice>25.90</ItemPrice>
      <UnitOfMeasurePrice>6.48</UnitOfMeasurePrice>
      <AllowDiscount>1</AllowDiscount>
      <ItemStatus>1</ItemStatus>
    </Item>
    <Item>
      <PriceUpdateDate>2020-01-20 00:21</PriceUpdateDate>
      <ItemCode>7290000849492</ItemCode>
      <ItemType>1</ItemType>
      <ItemName>סרקל שמפו לילדים 500 מ"ל</ItemName>
      <ManufacturerName>פישר מעבדות פרמצבטיות בע</ManufacturerName>
      <ManufactureCountry>IL</ManufactureCountry>
      <ManufacturerItemDescription>שמפו לילדים</ManufacturerItemDescription>
      <UnitQty>מיליליטרים</UnitQty>
      <Quantity>500.00</Quantity>
      <bIsWeighted>0</bIsWeighted>
      <UnitOfMeasure>100 מ"ל</UnitOfMeasure>
      <QtyInPackage>0</QtyInPackage>
      <ItemPrice>16.90</ItemPrice>
      <UnitOfMeasurePrice>3.38</UnitOfMeasurePrice>
      <AllowDiscount>1</AllowDiscount>
      <ItemStatus>1</ItemStatus>
    </Item>
    <Item>
      <PriceUpdateDate>2020-10-10 20:20</PriceUpdateDate>
      <ItemCode>7290001136287</ItemCode>
      <ItemType>1</ItemType>
      <ItemName>שמפו נקה 7 רגיל 750 מ"ל</ItemName>
      <ManufacturerName>אמיליה קוסמטיקס</ManufacturerName>
      <ManufactureCountry>IL</ManufactureCountry>
      <ManufacturerItemDescription>שמפו נקה 7</ManufacturerItemDescription>
      <UnitQty>מיליליטרים</UnitQty>
      <Quantity>750.00</Quantity>
      <bIsWeighted>0</bIsWeighted>
      <UnitOfMeasure>100 מ"ל</UnitOfMeasure>
      <QtyInPackage>0</QtyInPackage>
      <ItemPrice>9.90</ItemPrice>
      <UnitOfMeasurePrice>1.32</UnitOfMeasurePrice>
      <AllowDiscount>1</AllowDiscount>
      <ItemStatus>1</ItemStatus>
    </Item>
    <Item>
      <PriceUpdateDate>2020-10-10 20:20</PriceUpdateDate>
      <ItemCode>7290001136294</ItemCode>
      <ItemType>1</ItemType>
      <ItemName>שמפו נקה 7 יבש/צבוע750מל</ItemName>
      <ManufacturerName>קוסמופארם</ManufacturerName>
      <ManufactureCountry>IL</ManufactureCountry>
      <ManufacturerItemDescription>שמפו נקה 7</ManufacturerItemDescription>
      <UnitQty>מיליליטרים</UnitQty>
      <Quantity>750.00</Quantity>
      <bIsWeighted>0</bIsWeighted>
      <UnitOfMeasure>100 מ"ל</UnitOfMeasure>
      <QtyInPackage>0</QtyInPackage>
      <ItemPrice>9.90</ItemPrice>
      <UnitOfMeasurePrice>1.32</UnitOfMeasurePrice>
      <AllowDiscount>1</AllowDiscount>
      <ItemStatus>1</ItemStatus>
    </Item>
    <Item>
      <PriceUpdateDate>2020-03-22 11:54</PriceUpdateDate>
      <ItemCode>7290001136362</ItemCode>
      <ItemType>1</ItemType>
      <ItemName>תחליב רחצה נקה7 ירוק 1 ל</ItemName>
      <ManufacturerName>אמיליה קוסמטיקס בע'\'\מ</ManufacturerName>
      <ManufactureCountry>IL</ManufactureCountry>
      <ManufacturerItemDescription>תחליב רחצה נקה 7</ManufacturerItemDescription>
      <UnitQty>ליטרים</UnitQty>
      <Quantity>1.00</Quantity>
      <bIsWeighted>0</bIsWeighted>
      <UnitOfMeasure>ליטר</UnitOfMeasure>
      <QtyInPackage>0</QtyInPackage>
      <ItemPrice>14.90</ItemPrice>
      <UnitOfMeasurePrice>14.90</UnitOfMeasurePrice>
      <AllowDiscount>1</AllowDiscount>
      <ItemStatus>1</ItemStatus>
    </Item>
    <Item>
      <PriceUpdateDate>2020-03-22 11:54</PriceUpdateDate>
      <ItemCode>7290001136799</ItemCode>
      <ItemType>1</ItemType>
      <ItemName>תחליב רחצה נקה7 ורוד 1 ל</ItemName>
      <ManufacturerName>אמיליה קוסמטיקס בע'\'\מ</ManufacturerName>
      <ManufactureCountry>IL</ManufactureCountry>
      <ManufacturerItemDescription>תחליב רחצה נקה 7</ManufacturerItemDescription>
      <UnitQty>ליטרים</UnitQty>
      <Quantity>1.00</Quantity>
      <bIsWeighted>0</bIsWeighted>
      <UnitOfMeasure>ליטר</UnitOfMeasure>
      <QtyInPackage>0</QtyInPackage>
      <ItemPrice>14.90</ItemPrice>
      <UnitOfMeasurePrice>14.90</UnitOfMeasurePrice>
      <AllowDiscount>1</AllowDiscount>
      <ItemStatus>1</ItemStatus>
    </Item>
    <Item>
      <PriceUpdateDate>2020-03-22 11:54</PriceUpdateDate>
      <ItemCode>7290001136973</ItemCode>
      <ItemType>1</ItemType>
      <ItemName>תחליב רחצה נקה 7 לבן 1 ל</ItemName>
      <ManufacturerName>אמיליה קוסמטיקס בע'\'\מ</ManufacturerName>
      <ManufactureCountry>IL</ManufactureCountry>
      <ManufacturerItemDescription>תחליב רחצה נקה 7</ManufacturerItemDescription>
      <UnitQty>ליטרים</UnitQty>
      <Quantity>1.00</Quantity>
      <bIsWeighted>0</bIsWeighted>
      <UnitOfMeasure>ליטר</UnitOfMeasure>
      <QtyInPackage>0</QtyInPackage>
      <ItemPrice>14.90</ItemPrice>
      <UnitOfMeasurePrice>14.90</UnitOfMeasurePrice>
      <AllowDiscount>1</AllowDiscount>
      <ItemStatus>1</ItemStatus>
    </Item>
    <Item>
      <PriceUpdateDate>2020-02-21 08:25</PriceUpdateDate>
      <ItemCode>7290001229903</ItemCode>
      <ItemType>1</ItemType>
      <ItemName>לק קריסטל 80 יח'</ItemName>
      <ManufacturerName>גייד</ManufacturerName>
      <ManufactureCountry>IL</ManufactureCountry>
      <ManufacturerItemDescription>לק קריסטל 80</ManufacturerItemDescription>
      <UnitQty>יחידה</UnitQty>
      <Quantity>1.00</Quantity>
      <bIsWeighted>0</bIsWeighted>
      <UnitOfMeasure>יחידה</UnitOfMeasure>
      <QtyInPackage>0</QtyInPackage>
      <ItemPrice>23.90</ItemPrice>
      <UnitOfMeasurePrice>23.90</UnitOfMeasurePrice>
      <AllowDiscount>1</AllowDiscount>
      <ItemStatus>1</ItemStatus>
    </Item>
    <Item>
      <PriceUpdateDate>2020-01-20 00:21</PriceUpdateDate>
      <ItemCode>7290001305188</ItemCode>
      <ItemType>1</ItemType>
      <ItemName>פלמוליב לכלים צהוב 750מל</ItemName>
      <ManufacturerName>קולגייט-פלמוליב</ManufacturerName>
      <ManufactureCountry>GR</ManufactureCountry>
      <ManufacturerItemDescription>פלמוליב לכלים</ManufacturerItemDescription>
      <UnitQty>מיליליטרים</UnitQty>
      <Quantity>750.00</Quantity>
      <bIsWeighted>0</bIsWeighted>
      <UnitOfMeasure>100 מ"ל</UnitOfMeasure>
      <QtyInPackage>0</QtyInPackage>
      <ItemPrice>12.90</ItemPrice>
      <UnitOfMeasurePrice>1.72</UnitOfMeasurePrice>
      <AllowDiscount>1</AllowDiscount>
      <ItemStatus>1</ItemStatus>
    </Item>
    <Item>
      <PriceUpdateDate>2020-02-21 08:25</PriceUpdateDate>
      <ItemCode>7290001559871</ItemCode>
      <ItemType>1</ItemType>
      <ItemName>DRY QUICK לק ייבוש</ItemName>
      <ManufacturerName>גייד</ManufacturerName>
      <ManufactureCountry>IL</ManufactureCountry>
      <ManufacturerItemDescription>DRY QUICK לק</ManufacturerItemDescription>
      <UnitQty>יחידה</UnitQty>
      <Quantity>1.00</Quantity>
      <bIsWeighted>0</bIsWeighted>
      <UnitOfMeasure>יחידה</UnitOfMeasure>
      <QtyInPackage>0</QtyInPackage>
      <ItemPrice>23.90</ItemPrice>
      <UnitOfMeasurePrice>23.90</UnitOfMeasurePrice>
      <AllowDiscount>1</AllowDiscount>
      <ItemStatus>1</ItemStatus>
    </Item>
    <Item>
      <PriceUpdateDate>2020-01-20 00:21</PriceUpdateDate>
      <ItemCode>7290001713150</ItemCode>
      <ItemType>1</ItemType>
      <ItemName>אקונומיקה קצף ניקוי 1 לי</ItemName>
      <ManufacturerName>קומפלקס כימיקלים בעמ</ManufacturerName>
      <ManufactureCountry>IL</ManufactureCountry>
      <ManufacturerItemDescription>קצף ניקוי</ManufacturerItemDescription>
      <UnitQty>ליטרים</UnitQty>
      <Quantity>1.00</Quantity>
      <bIsWeighted>0</bIsWeighted>
      <UnitOfMeasure>ליטר</UnitOfMeasure>
      <QtyInPackage>1</QtyInPackage>
      <ItemPrice>13.90</ItemPrice>
      <UnitOfMeasurePrice>13.90</UnitOfMeasurePrice>
      <AllowDiscount>1</AllowDiscount>
      <ItemStatus>1</ItemStatus>
    </Item>
    <Item>
      <PriceUpdateDate>2020-01-20 00:21</PriceUpdateDate>
      <ItemCode>7290001713167</ItemCode>
      <ItemType>1</ItemType>
      <ItemName>סנט מוריץ קצף ניקוי 1 לי</ItemName>
      <ManufacturerName>קומפלקס כימיקלים בעמ</ManufacturerName>
      <ManufactureCountry>IL</ManufactureCountry>
      <ManufacturerItemDescription>קצף ניקוי</ManufacturerItemDescription>
      <UnitQty>ליטרים</UnitQty>
      <Quantity>1.00</Quantity>
      <bIsWeighted>0</bIsWeighted>
      <UnitOfMeasure>ליטר</UnitOfMeasure>
      <QtyInPackage>1</QtyInPackage>
      <ItemPrice>13.90</ItemPrice>
      <UnitOfMeasurePrice>13.90</UnitOfMeasurePrice>
      <AllowDiscount>1</AllowDiscount>
      <ItemStatus>1</ItemStatus>
    </Item>
    <Item>
      <PriceUpdateDate>2020-09-04 05:41</PriceUpdateDate>
      <ItemCode>7290001713693</ItemCode>
      <ItemType>1</ItemType>
      <ItemName>מרכך כביסה PURE סגול 1.5</ItemName>
      <ManufacturerName>קומפלקס כימיקלים</ManufacturerName>
      <ManufactureCountry>TR</ManufactureCountry>
      <ManufacturerItemDescription>מרכך כביסה PURE</ManufacturerItemDescription>
      <UnitQty>ליטרים</UnitQty>
      <Quantity>1.50</Quantity>
      <bIsWeighted>0</bIsWeighted>
      <UnitOfMeasure>ליטר</UnitOfMeasure>
      <QtyInPackage>1</QtyInPackage>
      <ItemPrice>14.90</ItemPrice>
      <UnitOfMeasurePrice>9.93</UnitOfMeasurePrice>
      <AllowDiscount>1</AllowDiscount>
      <ItemStatus>1</ItemStatus>
    </Item>
    <Item>
      <PriceUpdateDate>2020-09-04 05:41</PriceUpdateDate>
      <ItemCode>7290001713709</ItemCode>
      <ItemType>1</ItemType>
      <ItemName>מרכך כביסה PURE שחור 1.5</ItemName>
      <ManufacturerName>קומפלקס כימיקלים</ManufacturerName>
      <ManufactureCountry>TR</ManufactureCountry>
      <ManufacturerItemDescription>מרכך כביסה PURE</ManufacturerItemDescription>
      <UnitQty>ליטרים</UnitQty>
      <Quantity>1.50</Quantity>
      <bIsWeighted>0</bIsWeighted>
      <UnitOfMeasure>ליטר</UnitOfMeasure>
      <QtyInPackage>1</QtyInPackage>
      <ItemPrice>14.90</ItemPrice>
      <UnitOfMeasurePrice>9.93</UnitOfMeasurePrice>
      <AllowDiscount>1</AllowDiscount>
      <ItemStatus>1</ItemStatus>
    </Item>
    <Item>
      <PriceUpdateDate>2020-09-04 05:41</PriceUpdateDate>
      <ItemCode>7290001713723</ItemCode>
      <ItemType>1</ItemType>
      <ItemName>מרכך כביסה PURE לבן  1.5</ItemName>
      <ManufacturerName>קומפלקס כימיקלים</ManufacturerName>
      <ManufactureCountry>TR</ManufactureCountry>
      <ManufacturerItemDescription>מרכך כביסה PURE</ManufacturerItemDescription>
      <UnitQty>ליטרים</UnitQty>
      <Quantity>1.50</Quantity>
      <bIsWeighted>0</bIsWeighted>
      <UnitOfMeasure>ליטר</UnitOfMeasure>
      <QtyInPackage>1</QtyInPackage>
      <ItemPrice>14.90</ItemPrice>
      <UnitOfMeasurePrice>9.93</UnitOfMeasurePrice>
      <AllowDiscount>1</AllowDiscount>
      <ItemStatus>1</ItemStatus>
    </Item>
    <Item>
      <PriceUpdateDate>2020-03-04 15:34</PriceUpdateDate>
      <ItemCode>7290001791776</ItemCode>
      <ItemType>1</ItemType>
      <ItemName>סנו די רול און אלוורה50מ</ItemName>
      <ManufacturerName>קוסמופארם</ManufacturerName>
      <ManufactureCountry>IL</ManufactureCountry>
      <ManufacturerItemDescription>סנו די רול און</ManufacturerItemDescription>
      <UnitQty>מיליליטרים</UnitQty>
      <Quantity>50.00</Quantity>
      <bIsWeighted>0</bIsWeighted>
      <UnitOfMeasure>100 מ"ל</UnitOfMeasure>
      <QtyInPackage>0</QtyInPackage>
      <ItemPrice>21.90</ItemPrice>
      <UnitOfMeasurePrice>43.80</UnitOfMeasurePrice>
      <AllowDiscount>1</AllowDiscount>
      <ItemStatus>1</ItemStatus>
    </Item>
    <Item>
      <PriceUpdateDate>2020-10-10 21:00</PriceUpdateDate>
      <ItemCode>7290001865439</ItemCode>
      <ItemType>1</ItemType>
      <ItemName>סבון פמלי לבן +משאבה 1ל'</ItemName>
      <ManufacturerName>אינטרקוסמא</ManufacturerName>
      <ManufactureCountry>IL</ManufactureCountry>
      <ManufacturerItemDescription>סבון נוזלי פמלי</ManufacturerItemDescription>
      <UnitQty>ליטרים</UnitQty>
      <Quantity>1.00</Quantity>
      <bIsWeighted>0</bIsWeighted>
      <UnitOfMeasure>ליטר</UnitOfMeasure>
      <QtyInPackage>0</QtyInPackage>
      <ItemPrice>10.00</ItemPrice>
      <UnitOfMeasurePrice>10.00</UnitOfMeasurePrice>
      <AllowDiscount>1</AllowDiscount>
      <ItemStatus>1</ItemStatus>
    </Item>
    <Item>
      <PriceUpdateDate>2020-10-10 21:00</PriceUpdateDate>
      <ItemCode>7290001865453</ItemCode>
      <ItemType>1</ItemType>
      <ItemName>סבון פמלי סגול+משאבה 1ל'</ItemName>
      <ManufacturerName>אינטרקוסמא</ManufacturerName>
      <ManufactureCountry>IL</ManufactureCountry>
      <ManufacturerItemDescription>סבון נוזלי פמלי</ManufacturerItemDescription>
      <UnitQty>ליטרים</UnitQty>
      <Quantity>1.00</Quantity>
      <bIsWeighted>0</bIsWeighted>
      <UnitOfMeasure>ליטר</UnitOfMeasure>
      <QtyInPackage>0</QtyInPackage>
      <ItemPrice>10.00</ItemPrice>
      <UnitOfMeasurePrice>10.00</UnitOfMeasurePrice>
      <AllowDiscount>1</AllowDiscount>
      <ItemStatus>1</ItemStatus>
    </Item>
    <Item>
      <PriceUpdateDate>2020-10-10 20:20</PriceUpdateDate>
      <ItemCode>7290001973233</ItemCode>
      <ItemType>1</ItemType>
      <ItemName>120 מגבונים קמיל דיספנסר</ItemName>
      <ManufacturerName>פישר מעבדות פרמצבטיות בע</ManufacturerName>
      <ManufactureCountry>IL</ManufactureCountry>
      <ManufacturerItemDescription>מגבונים לחים</ManufacturerItemDescription>
      <UnitQty>יחידה</UnitQty>
      <Quantity>1.00</Quantity>
      <bIsWeighted>0</bIsWeighted>
      <UnitOfMeasure>יחידה</UnitOfMeasure>
      <QtyInPackage>0</QtyInPackage>
      <ItemPrice>11.90</ItemPrice>
      <UnitOfMeasurePrice>11.90</UnitOfMeasurePrice>
      <AllowDiscount>1</AllowDiscount>
      <ItemStatus>1</ItemStatus>
    </Item>
    <Item>
      <PriceUpdateDate>2020-01-20 00:14</PriceUpdateDate>
      <ItemCode>7290002001782</ItemCode>
      <ItemType>1</ItemType>
      <ItemName>פנג'ל פלוס לכף הרגל 100ג</ItemName>
      <ManufacturerName>אינטרקוסמא</ManufacturerName>
      <ManufactureCountry>IL</ManufactureCountry>
      <ManufacturerItemDescription>קרם לכף הרגל</ManufacturerItemDescription>
      <UnitQty>מיליליטרים</UnitQty>
      <Quantity>100.00</Quantity>
      <bIsWeighted>0</bIsWeighted>
      <UnitOfMeasure>100 מ"ל</UnitOfMeasure>
      <QtyInPackage>0</QtyInPackage>
      <ItemPrice>21.90</ItemPrice>
      <UnitOfMeasurePrice>21.90</UnitOfMeasurePrice>
      <AllowDiscount>1</AllowDiscount>
      <ItemStatus>1</ItemStatus>
    </Item>
    <Item>
      <PriceUpdateDate>2020-01-20 00:14</PriceUpdateDate>
      <ItemCode>7290002002635</ItemCode>
      <ItemType>1</ItemType>
      <ItemName>שעוות הדבש משי לפנים80גר</ItemName>
      <ManufacturerName>ש.שוורץ</ManufacturerName>
      <ManufactureCountry>IL</ManufactureCountry>
      <ManufacturerItemDescription>שעווה לפנים</ManufacturerItemDescription>
      <UnitQty>גרמים</UnitQty>
      <Quantity>80.00</Quantity>
      <bIsWeighted>0</bIsWeighted>
      <UnitOfMeasure>100 גרם</UnitOfMeasure>
      <QtyInPackage>0</QtyInPackage>
      <ItemPrice>20.90</ItemPrice>
      <UnitOfMeasurePrice>26.13</UnitOfMeasurePrice>
      <AllowDiscount>1</AllowDiscount>
      <ItemStatus>1</ItemStatus>
    </Item>
    <Item>
      <PriceUpdateDate>2020-01-20 00:14</PriceUpdateDate>
      <ItemCode>7290002003168</ItemCode>
      <ItemType>1</ItemType>
      <ItemName>קרם ידיים  פנג'ל 80*3מ"ל</ItemName>
      <ManufacturerName>אינטרקוסמא</ManufacturerName>
      <ManufactureCountry>IL</ManufactureCountry>
      <ManufacturerItemDescription>קרם יד.פנג'ל 3יח</ManufacturerItemDescription>
      <UnitQty>מיליליטרים</UnitQty>
      <Quantity>240.00</Quantity>
      <bIsWeighted>0</bIsWeighted>
      <UnitOfMeasure>100 מ"ל</UnitOfMeasure>
      <QtyInPackage>0</QtyInPackage>
      <ItemPrice>20.90</ItemPrice>
      <UnitOfMeasurePrice>8.71</UnitOfMeasurePrice>
      <AllowDiscount>1</AllowDiscount>
      <ItemStatus>1</ItemStatus>
    </Item>
    <Item>
      <PriceUpdateDate>2020-10-10 21:00</PriceUpdateDate>
      <ItemCode>7290002041023</ItemCode>
      <ItemType>1</ItemType>
      <ItemName>רעננה קרם דאו.לכף הרגל</ItemName>
      <ManufacturerName>תעשיות שיק</ManufacturerName>
      <ManufactureCountry>IL</ManufactureCountry>
      <ManufacturerItemDescription>קרם דאו לכף הרגל</ManufacturerItemDescription>
      <UnitQty>מיליליטרים</UnitQty>
      <Quantity>10.00</Quantity>
      <bIsWeighted>0</bIsWeighted>
      <UnitOfMeasure>100 מ"ל</UnitOfMeasure>
      <QtyInPackage>0</QtyInPackage>
      <ItemPrice>37.90</ItemPrice>
      <UnitOfMeasurePrice>379.00</UnitOfMeasurePrice>
      <AllowDiscount>1</AllowDiscount>
      <ItemStatus>1</ItemStatus>
    </Item>
    <Item>
      <PriceUpdateDate>2020-10-10 21:00</PriceUpdateDate>
      <ItemCode>7290002041368</ItemCode>
      <ItemType>1</ItemType>
      <ItemName>דאו.מידנייט ספריי 187מ"ל</ItemName>
      <ManufacturerName>חלאבין</ManufacturerName>
      <ManufactureCountry>IL</ManufactureCountry>
      <ManufacturerItemDescription>דאודורנט ספריי</ManufacturerItemDescription>
      <UnitQty>מיליליטרים</UnitQty>
      <Quantity>187.00</Quantity>
      <bIsWeighted>0</bIsWeighted>
      <UnitOfMeasure>100 מ"ל</UnitOfMeasure>
      <QtyInPackage>0</QtyInPackage>
      <ItemPrice>17.90</ItemPrice>
      <UnitOfMeasurePrice>9.57</UnitOfMeasurePrice>
      <AllowDiscount>1</AllowDiscount>
      <ItemStatus>1</ItemStatus>
    </Item>
    <Item>
      <PriceUpdateDate>2020-10-10 21:00</PriceUpdateDate>
      <ItemCode>7290002041801</ItemCode>
      <ItemType>1</ItemType>
      <ItemName>קרם גוף לאב ליין 275 מ"ל</ItemName>
      <ManufacturerName>תעשיות שיק</ManufacturerName>
      <ManufactureCountry>IL</ManufactureCountry>
      <ManufacturerItemDescription>קרם גוף לאב ליין</ManufacturerItemDescription>
      <UnitQty>מיליליטרים</UnitQty>
      <Quantity>275.00</Quantity>
      <bIsWeighted>0</bIsWeighted>
      <UnitOfMeasure>100 מ"ל</UnitOfMeasure>
      <QtyInPackage>0</QtyInPackage>
      <ItemPrice>39.90</ItemPrice>
      <UnitOfMeasurePrice>14.51</UnitOfMeasurePrice>
      <AllowDiscount>1</AllowDiscount>
      <ItemStatus>1</ItemStatus>
    </Item>
    <Item>
      <PriceUpdateDate>2020-01-20 00:14</PriceUpdateDate>
      <ItemCode>7290002061137</ItemCode>
      <ItemType>1</ItemType>
      <ItemName>אורנה 19 קרם דפילטור80גר</ItemName>
      <ManufacturerName>אלפא קוסמטיקה</ManufacturerName>
      <ManufactureCountry>IL</ManufactureCountry>
      <ManufacturerItemDescription>קרם להסרת שיער</ManufacturerItemDescription>
      <UnitQty>גרמים</UnitQty>
      <Quantity>80.00</Quantity>
      <bIsWeighted>0</bIsWeighted>
      <UnitOfMeasure>100 גרם</UnitOfMeasure>
      <QtyInPackage>0</QtyInPackage>
      <ItemPrice>17.90</ItemPrice>
      <UnitOfMeasurePrice>22.38</UnitOfMeasurePrice>
      <AllowDiscount>1</AllowDiscount>
      <ItemStatus>1</ItemStatus>
    </Item>
    <Item>
      <PriceUpdateDate>2020-02-02 12:38</PriceUpdateDate>
      <ItemCode>7290002269953</ItemCode>
      <ItemType>1</ItemType>
      <ItemName>בלוז מסיר איפור 2 פאזות</ItemName>
      <ManufacturerName>קרליין</ManufacturerName>
      <ManufactureCountry>IL</ManufactureCountry>
      <ManufacturerItemDescription>בלוז מסיר איפור</ManufacturerItemDescription>
      <UnitQty>מיליליטרים</UnitQty>
      <Quantity>170.00</Quantity>
      <bIsWeighted>0</bIsWeighted>
      <UnitOfMeasure>100 מ"ל</UnitOfMeasure>
      <QtyInPackage>0</QtyInPackage>
      <ItemPrice>44.90</ItemPrice>
      <UnitOfMeasurePrice>26.41</UnitOfMeasurePrice>
      <AllowDiscount>1</AllowDiscount>
      <ItemStatus>1</ItemStatus>
    </Item>
    <Item>
      <PriceUpdateDate>2020-01-20 00:21</PriceUpdateDate>
      <ItemCode>7290002515333</ItemCode>
      <ItemType>1</ItemType>
      <ItemName>אל סבון קמיל בלו סנסיטיב</ItemName>
      <ManufacturerName>פישר מעבדות פרמצבטיות בע</ManufacturerName>
      <ManufactureCountry>IL</ManufactureCountry>
      <ManufacturerItemDescription>אלסבון קמיל בלו</ManufacturerItemDescription>
      <UnitQty>מיליליטרים</UnitQty>
      <Quantity>500.00</Quantity>
      <bIsWeighted>0</bIsWeighted>
      <UnitOfMeasure>100 מ"ל</UnitOfMeasure>
      <QtyInPackage>0</QtyInPackage>
      <ItemPrice>21.90</ItemPrice>
      <UnitOfMeasurePrice>4.38</UnitOfMeasurePrice>
      <AllowDiscount>1</AllowDiscount>
      <ItemStatus>1</ItemStatus>
    </Item>
    <Item>
      <PriceUpdateDate>2020-10-13 22:40</PriceUpdateDate>
      <ItemCode>7290002515371</ItemCode>
      <ItemType>1</ItemType>
      <ItemName>אל סבון קמיל בלו קלאסיק</ItemName>
      <ManufacturerName>פישר מעבדות פרמצבטיות בע</ManufacturerName>
      <ManufactureCountry>IL</ManufactureCountry>
      <ManufacturerItemDescription>קמיל בלו לתינוק</ManufacturerItemDescription>
      <UnitQty>ליטרים</UnitQty>
      <Quantity>1.00</Quantity>
      <bIsWeighted>0</bIsWeighted>
      <UnitOfMeasure>ליטר</UnitOfMeasure>
      <QtyInPackage>0</QtyInPackage>
      <ItemPrice>21.90</ItemPrice>
      <UnitOfMeasurePrice>21.90</UnitOfMeasurePrice>
      <AllowDiscount>1</AllowDiscount>
      <ItemStatus>1</ItemStatus>
    </Item>
    <Item>
      <PriceUpdateDate>2020-01-20 00:14</PriceUpdateDate>
      <ItemCode>7290002674221</ItemCode>
      <ItemType>1</ItemType>
      <ItemName>אקווה פרש מנטה משאבה100מ</ItemName>
      <ManufacturerName>MICLEN DE</ManufacturerName>
      <ManufactureCountry>GB</ManufactureCountry>
      <ManufacturerItemDescription>משחת שיניים</ManufacturerItemDescription>
      <UnitQty>מיליליטרים</UnitQty>
      <Quantity>100.00</Quantity>
      <bIsWeighted>0</bIsWeighted>
      <UnitOfMeasure>100 מ"ל</UnitOfMeasure>
      <QtyInPackage>0</QtyInPackage>
      <ItemPrice>17.90</ItemPrice>
      <UnitOfMeasurePrice>17.90</UnitOfMeasurePrice>
      <AllowDiscount>1</AllowDiscount>
      <ItemStatus>1</ItemStatus>
    </Item>
    <Item>
      <PriceUpdateDate>2020-10-10 20:20</PriceUpdateDate>
      <ItemCode>7290002730316</ItemCode>
      <ItemType>1</ItemType>
      <ItemName>משחת שיניים קולגייט3 75*</ItemName>
      <ManufacturerName>---</ManufacturerName>
      <ManufactureCountry>PL</ManufactureCountry>
      <ManufacturerItemDescription>משחת שיניים</ManufacturerItemDescription>
      <UnitQty>מיליליטרים</UnitQty>
      <Quantity>225.00</Quantity>
      <bIsWeighted>0</bIsWeighted>
      <UnitOfMeasure>100 מ"ל</UnitOfMeasure>
      <QtyInPackage>0</QtyInPackage>
      <ItemPrice>20.00</ItemPrice>
      <UnitOfMeasurePrice>8.89</UnitOfMeasurePrice>
      <AllowDiscount>1</AllowDiscount>
      <ItemStatus>1</ItemStatus>
    </Item>
    <Item>
      <PriceUpdateDate>2020-01-20 00:14</PriceUpdateDate>
      <ItemCode>7290002730538</ItemCode>
      <ItemType>1</ItemType>
      <ItemName>80פדים להסרת איפור בלונס</ItemName>
      <ManufacturerName>ש. שסטוביץ בע"\מ</ManufacturerName>
      <ManufactureCountry>GR</ManufactureCountry>
      <ManufacturerItemDescription>פדים להסרת איפור</ManufacturerItemDescription>
      <UnitQty>יחידה</UnitQty>
      <Quantity>1.00</Quantity>
      <bIsWeighted>0</bIsWeighted>
      <UnitOfMeasure>יחידה</UnitOfMeasure>
      <QtyInPackage>0</QtyInPackage>
      <ItemPrice>9.90</ItemPrice>
      <UnitOfMeasurePrice>9.90</UnitOfMeasurePrice>
      <AllowDiscount>1</AllowDiscount>
      <ItemStatus>1</ItemStatus>
    </Item>
    <Item>
      <PriceUpdateDate>2020-10-10 20:20</PriceUpdateDate>
      <ItemCode>7290002730675</ItemCode>
      <ItemType>1</ItemType>
      <ItemName>משחת קולגייט אדום 100מ"ל</ItemName>
      <ManufacturerName>קולגייט פלמוליב</ManufacturerName>
      <ManufactureCountry>BE</ManufactureCountry>
      <ManufacturerItemDescription>משחת שיניים</ManufacturerItemDescription>
      <UnitQty>מיליליטרים</UnitQty>
      <Quantity>100.00</Quantity>
      <bIsWeighted>0</bIsWeighted>
      <UnitOfMeasure>100 מ"ל</UnitOfMeasure>
      <QtyInPackage>0</QtyInPackage>
      <ItemPrice>10.00</ItemPrice>
      <UnitOfMeasurePrice>10.00</UnitOfMeasurePrice>
      <AllowDiscount>1</AllowDiscount>
      <ItemStatus>1</ItemStatus>
    </Item>
    <Item>
      <PriceUpdateDate>2020-01-20 00:14</PriceUpdateDate>
      <ItemCode>7290002730811</ItemCode>
      <ItemType>1</ItemType>
      <ItemName>משחה קולגייט ג'ל 100 גרם</ItemName>
      <ManufacturerName>קולגייט פלמוליב</ManufacturerName>
      <ManufactureCountry>PL</ManufactureCountry>
      <ManufacturerItemDescription>משחת קולגייט ג'ל</ManufacturerItemDescription>
      <UnitQty>מיליליטרים</UnitQty>
      <Quantity>100.00</Quantity>
      <bIsWeighted>0</bIsWeighted>
      <UnitOfMeasure>100 מ"ל</UnitOfMeasure>
      <QtyInPackage>0</QtyInPackage>
      <ItemPrice>12.90</ItemPrice>
      <UnitOfMeasurePrice>12.90</UnitOfMeasurePrice>
      <AllowDiscount>1</AllowDiscount>
      <ItemStatus>1</ItemStatus>
    </Item>
    <Item>
      <PriceUpdateDate>2020-05-06 16:13</PriceUpdateDate>
      <ItemCode>7290002730941</ItemCode>
      <ItemType>1</ItemType>
      <ItemName>צמר גפן פרוס "בלונס100"ג</ItemName>
      <ManufacturerName>ספטונה</ManufacturerName>
      <ManufactureCountry>GR</ManufactureCountry>
      <ManufacturerItemDescription>צמר גפן פרוס</ManufacturerItemDescription>
      <UnitQty>גרמים</UnitQty>
      <Quantity>100.00</Quantity>
      <bIsWeighted>0</bIsWeighted>
      <UnitOfMeasure>100 גרם</UnitOfMeasure>
      <QtyInPackage>0</QtyInPackage>
      <ItemPrice>8.90</ItemPrice>
      <UnitOfMeasurePrice>8.90</UnitOfMeasurePrice>
      <AllowDiscount>1</AllowDiscount>
      <ItemStatus>1</ItemStatus>
    </Item>
    <Item>
      <PriceUpdateDate>2020-10-10 20:20</PriceUpdateDate>
      <ItemCode>7290002730958</ItemCode>
      <ItemType>1</ItemType>
      <ItemName>סב.פלמוליב ירוק 90*4 גרם</ItemName>
      <ManufacturerName>ש. שסטוביץ בע"\מ</ManufacturerName>
      <ManufactureCountry>TR</ManufactureCountry>
      <ManufacturerItemDescription>סבון פלמוליב 4יח</ManufacturerItemDescription>
      <UnitQty>גרמים</UnitQty>
      <Quantity>360.00</Quantity>
      <bIsWeighted>0</bIsWeighted>
      <UnitOfMeasure>100 גרם</UnitOfMeasure>
      <QtyInPackage>0</QtyInPackage>
      <ItemPrice>14.90</ItemPrice>
      <UnitOfMeasurePrice>4.13</UnitOfMeasurePrice>
      <AllowDiscount>1</AllowDiscount>
      <ItemStatus>1</ItemStatus>
    </Item>
    <Item>
      <PriceUpdateDate>2020-01-20 00:09</PriceUpdateDate>
      <ItemCode>7290002752332</ItemCode>
      <ItemType>1</ItemType>
      <ItemName>סוכ.מנטוס טעם פירות37.5ג</ItemName>
      <ManufacturerName>מנטוס</ManufacturerName>
      <ManufactureCountry>NL</ManufactureCountry>
      <ManufacturerItemDescription>סוכריות מנטוס</ManufacturerItemDescription>
      <UnitQty>גרמים</UnitQty>
      <Quantity>37.00</Quantity>
      <bIsWeighted>0</bIsWeighted>
      <UnitOfMeasure>100 גרם</UnitOfMeasure>
      <QtyInPackage>0</QtyInPackage>
      <ItemPrice>3.90</ItemPrice>
      <UnitOfMeasurePrice>10.54</UnitOfMeasurePrice>
      <AllowDiscount>1</AllowDiscount>
      <ItemStatus>1</ItemStatus>
    </Item>
    <Item>
      <PriceUpdateDate>2020-01-20 00:14</PriceUpdateDate>
      <ItemCode>7290002768036</ItemCode>
      <ItemType>1</ItemType>
      <ItemName>מי פה תיאדנט 150מ"ל</ItemName>
      <ManufacturerName>קוסמופארם בעמ</ManufacturerName>
      <ManufactureCountry>IL</ManufactureCountry>
      <ManufacturerItemDescription>מי פה תיאדנט</ManufacturerItemDescription>
      <UnitQty>מיליליטרים</UnitQty>
      <Quantity>150.00</Quantity>
      <bIsWeighted>0</bIsWeighted>
      <UnitOfMeasure>100 מ"ל</UnitOfMeasure>
      <QtyInPackage>0</QtyInPackage>
      <ItemPrice>15.90</ItemPrice>
      <UnitOfMeasurePrice>10.60</UnitOfMeasurePrice>
      <AllowDiscount>1</AllowDiscount>
      <ItemStatus>1</ItemStatus>
    </Item>
    <Item>
      <PriceUpdateDate>2020-05-06 16:13</PriceUpdateDate>
      <ItemCode>7290002768074</ItemCode>
      <ItemType>1</ItemType>
      <ItemName>דרמפון סבון ללא סבון 1 ל</ItemName>
      <ManufacturerName>קוסמופארם בע'\'\מ</ManufacturerName>
      <ManufactureCountry>IL</ManufactureCountry>
      <ManufacturerItemDescription>דרמפון אל סבון</ManufacturerItemDescription>
      <UnitQty>ליטרים</UnitQty>
      <Quantity>1.00</Quantity>
      <bIsWeighted>0</bIsWeighted>
      <UnitOfMeasure>ליטר</UnitOfMeasure>
      <QtyInPackage>0</QtyInPackage>
      <ItemPrice>26.90</ItemPrice>
      <UnitOfMeasurePrice>26.90</UnitOfMeasurePrice>
      <AllowDiscount>1</AllowDiscount>
      <ItemStatus>1</ItemStatus>
    </Item>
    <Item>
      <PriceUpdateDate>2020-05-06 16:13</PriceUpdateDate>
      <ItemCode>7290002768159</ItemCode>
      <ItemType>1</ItemType>
      <ItemName>בת אורן סבון נוזלי 500מל</ItemName>
      <ManufacturerName>קרליין</ManufacturerName>
      <ManufactureCountry>IL</ManufactureCountry>
      <ManufacturerItemDescription>סבון אמבט בת אור</ManufacturerItemDescription>
      <UnitQty>מיליליטרים</UnitQty>
      <Quantity>500.00</Quantity>
      <bIsWeighted>0</bIsWeighted>
      <UnitOfMeasure>100 מ"ל</UnitOfMeasure>
      <QtyInPackage>0</QtyInPackage>
      <ItemPrice>26.90</ItemPrice>
      <UnitOfMeasurePrice>5.38</UnitOfMeasurePrice>
      <AllowDiscount>1</AllowDiscount>
      <ItemStatus>1</ItemStatus>
    </Item>
    <Item>
      <PriceUpdateDate>2020-01-20 00:14</PriceUpdateDate>
      <ItemCode>7290002782131</ItemCode>
      <ItemType>1</ItemType>
      <ItemName>דאודורנט פ.רוזנבלום150מל</ItemName>
      <ManufacturerName>ביסקול בע"מ</ManufacturerName>
      <ManufactureCountry>IL</ManufactureCountry>
      <ManufacturerItemDescription>דאודורנט פנינה</ManufacturerItemDescription>
      <UnitQty>מיליליטרים</UnitQty>
      <Quantity>150.00</Quantity>
      <bIsWeighted>0</bIsWeighted>
      <UnitOfMeasure>100 מ"ל</UnitOfMeasure>
      <QtyInPackage>0</QtyInPackage>
      <ItemPrice>32.90</ItemPrice>
      <UnitOfMeasurePrice>21.93</UnitOfMeasurePrice>
      <AllowDiscount>1</AllowDiscount>
      <ItemStatus>1</ItemStatus>
    </Item>
    <Item>
      <PriceUpdateDate>2020-01-20 00:14</PriceUpdateDate>
      <ItemCode>7290002782759</ItemCode>
      <ItemType>1</ItemType>
      <ItemName>קרם גוף מס2' פנינה340מ"ל</ItemName>
      <ManufacturerName>א.ל ארמן</ManufacturerName>
      <ManufactureCountry>IL</ManufactureCountry>
      <ManufacturerItemDescription>קרם גוף פנינה</ManufacturerItemDescription>
      <UnitQty>מיליליטרים</UnitQty>
      <Quantity>340.00</Quantity>
      <bIsWeighted>0</bIsWeighted>
      <UnitOfMeasure>100 מ"ל</UnitOfMeasure>
      <QtyInPackage>0</QtyInPackage>
      <ItemPrice>27.90</ItemPrice>
      <UnitOfMeasurePrice>8.21</UnitOfMeasurePrice>
      <AllowDiscount>1</AllowDiscount>
      <ItemStatus>1</ItemStatus>
    </Item>
    <Item>
      <PriceUpdateDate>2020-01-20 00:21</PriceUpdateDate>
      <ItemCode>7290002814054</ItemCode>
      <ItemType>1</ItemType>
      <ItemName>אנטרטיק מרסס 1 ליטר</ItemName>
      <ManufacturerName>קומפלקס כימיקלים בעמ</ManufacturerName>
      <ManufactureCountry>IL</ManufactureCountry>
      <ManufacturerItemDescription>אנטרטיק מרסס</ManufacturerItemDescription>
      <UnitQty>ליטרים</UnitQty>
      <Quantity>1.00</Quantity>
      <bIsWeighted>0</bIsWeighted>
      <UnitOfMeasure>ליטר</UnitOfMeasure>
      <QtyInPackage>1</QtyInPackage>
      <ItemPrice>8.90</ItemPrice>
      <UnitOfMeasurePrice>8.90</UnitOfMeasurePrice>
      <AllowDiscount>1</AllowDiscount>
      <ItemStatus>1</ItemStatus>
    </Item>
    <Item>
      <PriceUpdateDate>2020-01-20 00:21</PriceUpdateDate>
      <ItemCode>7290002814078</ItemCode>
      <ItemType>1</ItemType>
      <ItemName>אנטרטיק לניקוי אמבטיה1ל</ItemName>
      <ManufacturerName>קומפלקס כימיקלים</ManufacturerName>
      <ManufactureCountry>IL</ManufactureCountry>
      <ManufacturerItemDescription>אנטרטיק לאמבט</ManufacturerItemDescription>
      <UnitQty>ליטרים</UnitQty>
      <Quantity>1.00</Quantity>
      <bIsWeighted>0</bIsWeighted>
      <UnitOfMeasure>ליטר</UnitOfMeasure>
      <QtyInPackage>0</QtyInPackage>
      <ItemPrice>8.90</ItemPrice>
      <UnitOfMeasurePrice>8.90</UnitOfMeasurePrice>
      <AllowDiscount>1</AllowDiscount>
      <ItemStatus>1</ItemStatus>
    </Item>
    <Item>
      <PriceUpdateDate>2020-01-20 00:21</PriceUpdateDate>
      <ItemCode>7290002814160</ItemCode>
      <ItemType>1</ItemType>
      <ItemName>מסיר שומנים סנט מוריץ 1ל</ItemName>
      <ManufacturerName>קומפלקס כימיקלים</ManufacturerName>
      <ManufactureCountry>IL</ManufactureCountry>
      <ManufacturerItemDescription>מסיר שומנים</ManufacturerItemDescription>
      <UnitQty>ליטרים</UnitQty>
      <Quantity>1.00</Quantity>
      <bIsWeighted>0</bIsWeighted>
      <UnitOfMeasure>ליטר</UnitOfMeasure>
      <QtyInPackage>1</QtyInPackage>
      <ItemPrice>18.90</ItemPrice>
      <UnitOfMeasurePrice>18.90</UnitOfMeasurePrice>
      <AllowDiscount>1</AllowDiscount>
      <ItemStatus>1</ItemStatus>
    </Item>
    <Item>
      <PriceUpdateDate>2020-08-28 05:42</PriceUpdateDate>
      <ItemCode>7290002814177</ItemCode>
      <ItemType>1</ItemType>
      <ItemName>נוזל לכלים סנט מוריץ750מ</ItemName>
      <ManufacturerName>קומפלקס כימיקלים</ManufacturerName>
      <ManufactureCountry>IL</ManufactureCountry>
      <ManufacturerItemDescription>נוזל לכלים</ManufacturerItemDescription>
      <UnitQty>מיליליטרים</UnitQty>
      <Quantity>750.00</Quantity>
      <bIsWeighted>0</bIsWeighted>
      <UnitOfMeasure>100 מ"ל</UnitOfMeasure>
      <QtyInPackage>0</QtyInPackage>
      <ItemPrice>5.90</ItemPrice>
      <UnitOfMeasurePrice>0.79</UnitOfMeasurePrice>
      <AllowDiscount>1</AllowDiscount>
      <ItemStatus>1</ItemStatus>
    </Item>
    <Item>
      <PriceUpdateDate>2020-03-22 11:55</PriceUpdateDate>
      <ItemCode>7290002814290</ItemCode>
      <ItemType>1</ItemType>
      <ItemName>קצף אקונומיקה בלאנקו 1 ל</ItemName>
      <ManufacturerName>קומפלקס כימיקלים בעמ</ManufacturerName>
      <ManufactureCountry>IL</ManufactureCountry>
      <ManufacturerItemDescription>קצף אקונומיקה</ManufacturerItemDescription>
      <UnitQty>ליטרים</UnitQty>
      <Quantity>1.00</Quantity>
      <bIsWeighted>0</bIsWeighted>
      <UnitOfMeasure>ליטר</UnitOfMeasure>
      <QtyInPackage>1</QtyInPackage>
      <ItemPrice>14.90</ItemPrice>
      <UnitOfMeasurePrice>14.90</UnitOfMeasurePrice>
      <AllowDiscount>1</AllowDiscount>
      <ItemStatus>1</ItemStatus>
    </Item>
    <Item>
      <PriceUpdateDate>2020-01-20 00:21</PriceUpdateDate>
      <ItemCode>7290002814528</ItemCode>
      <ItemType>1</ItemType>
      <ItemName>נוזל לאסלה מס' 1 1 ליטר</ItemName>
      <ManufacturerName>קומפלקס כימיקלים בעמ</ManufacturerName>
      <ManufactureCountry>IL</ManufactureCountry>
      <ManufacturerItemDescription>נוזל לאסלה מס' 1</ManufacturerItemDescription>
      <UnitQty>ליטרים</UnitQty>
      <Quantity>1.00</Quantity>
      <bIsWeighted>0</bIsWeighted>
      <UnitOfMeasure>ליטר</UnitOfMeasure>
      <QtyInPackage>0</QtyInPackage>
      <ItemPrice>6.90</ItemPrice>
      <UnitOfMeasurePrice>6.90</UnitOfMeasurePrice>
      <AllowDiscount>1</AllowDiscount>
      <ItemStatus>1</ItemStatus>
    </Item>
    <Item>
      <PriceUpdateDate>2020-01-20 00:21</PriceUpdateDate>
      <ItemCode>7290002814887</ItemCode>
      <ItemType>1</ItemType>
      <ItemName>מטליות רצפה</ItemName>
      <ManufacturerName>קומפלקס כימיקלים</ManufacturerName>
      <ManufactureCountry>CN</ManufactureCountry>
      <ManufacturerItemDescription>מטליות רצפה 10יח</ManufacturerItemDescription>
      <UnitQty>יחידה</UnitQty>
      <Quantity>1.00</Quantity>
      <bIsWeighted>0</bIsWeighted>
      <UnitOfMeasure>יחידה</UnitOfMeasure>
      <QtyInPackage>1</QtyInPackage>
      <ItemPrice>12.90</ItemPrice>
      <UnitOfMeasurePrice>12.90</UnitOfMeasurePrice>
      <AllowDiscount>1</AllowDiscount>
      <ItemStatus>1</ItemStatus>
    </Item>
    <Item>
      <PriceUpdateDate>2020-01-20 00:21</PriceUpdateDate>
      <ItemCode>7290003026029</ItemCode>
      <ItemType>1</ItemType>
      <ItemName>שמפו אל דמע קמיל בלו</ItemName>
      <ManufacturerName>פישר מעבדות פרמצבטיות בע</ManufacturerName>
      <ManufactureCountry>IL</ManufactureCountry>
      <ManufacturerItemDescription>שמפו קמיל בלו</ManufacturerItemDescription>
      <UnitQty>מיליליטרים</UnitQty>
      <Quantity>500.00</Quantity>
      <bIsWeighted>0</bIsWeighted>
      <UnitOfMeasure>100 מ"ל</UnitOfMeasure>
      <QtyInPackage>0</QtyInPackage>
      <ItemPrice>21.90</ItemPrice>
      <UnitOfMeasurePrice>4.38</UnitOfMeasurePrice>
      <AllowDiscount>1</AllowDiscount>
      <ItemStatus>1</ItemStatus>
    </Item>
    <Item>
      <PriceUpdateDate>2020-10-10 20:20</PriceUpdateDate>
      <ItemCode>7290003026036</ItemCode>
      <ItemType>1</ItemType>
      <ItemName>אל סבון סנסיטיב</ItemName>
      <ManufacturerName>פישר מעבדות פרמצבטיות בע</ManufacturerName>
      <ManufactureCountry>IL</ManufactureCountry>
      <ManufacturerItemDescription>אל סבון קמיל בלו</ManufacturerItemDescription>
      <UnitQty>ליטרים</UnitQty>
      <Quantity>1.00</Quantity>
      <bIsWeighted>0</bIsWeighted>
      <UnitOfMeasure>ליטר</UnitOfMeasure>
      <QtyInPackage>0</QtyInPackage>
      <ItemPrice>24.90</ItemPrice>
      <UnitOfMeasurePrice>24.90</UnitOfMeasurePrice>
      <AllowDiscount>1</AllowDiscount>
      <ItemStatus>1</ItemStatus>
    </Item>
    <Item>
      <PriceUpdateDate>2020-10-10 20:20</PriceUpdateDate>
      <ItemCode>7290003026227</ItemCode>
      <ItemType>1</ItemType>
      <ItemName>שמפו אל דמע קמיל בלו</ItemName>
      <ManufacturerName>פישר מעבדות פרמצבטיות בע</ManufacturerName>
      <ManufactureCountry>IL</ManufactureCountry>
      <ManufacturerItemDescription>שמפו קמיל בלו</ManufacturerItemDescription>
      <UnitQty>ליטרים</UnitQty>
      <Quantity>1.00</Quantity>
      <bIsWeighted>0</bIsWeighted>
      <UnitOfMeasure>ליטר</UnitOfMeasure>
      <QtyInPackage>0</QtyInPackage>
      <ItemPrice>24.90</ItemPrice>
      <UnitOfMeasurePrice>24.90</UnitOfMeasurePrice>
      <AllowDiscount>1</AllowDiscount>
      <ItemStatus>1</ItemStatus>
    </Item>
    <Item>
      <PriceUpdateDate>2020-01-20 00:21</PriceUpdateDate>
      <ItemCode>7290003026234</ItemCode>
      <ItemType>1</ItemType>
      <ItemName>קרם גוף קמיל בלו</ItemName>
      <ManufacturerName>פישר מעבדות פרמצבטיות בע</ManufacturerName>
      <ManufactureCountry>IL</ManufactureCountry>
      <ManufacturerItemDescription>תחליב לתינוק</ManufacturerItemDescription>
      <UnitQty>גרמים</UnitQty>
      <Quantity>500.00</Quantity>
      <bIsWeighted>0</bIsWeighted>
      <UnitOfMeasure>100 גרם</UnitOfMeasure>
      <QtyInPackage>0</QtyInPackage>
      <ItemPrice>28.90</ItemPrice>
      <UnitOfMeasurePrice>5.78</UnitOfMeasurePrice>
      <AllowDiscount>1</AllowDiscount>
      <ItemStatus>1</ItemStatus>
    </Item>
    <Item>
      <PriceUpdateDate>2020-01-20 00:21</PriceUpdateDate>
      <ItemCode>7290003026319</ItemCode>
      <ItemType>1</ItemType>
      <ItemName>משחה לתינוק קמיל בלו</ItemName>
      <ManufacturerName>פישר מעבדות פרמצבטיות בע</ManufacturerName>
      <ManufactureCountry>IL</ManufactureCountry>
      <ManufacturerItemDescription>משחת החתלה סנסטי</ManufacturerItemDescription>
      <UnitQty>גרמים</UnitQty>
      <Quantity>120.00</Quantity>
      <bIsWeighted>0</bIsWeighted>
      <UnitOfMeasure>100 גרם</UnitOfMeasure>
      <QtyInPackage>0</QtyInPackage>
      <ItemPrice>18.90</ItemPrice>
      <UnitOfMeasurePrice>15.75</UnitOfMeasurePrice>
      <AllowDiscount>1</AllowDiscount>
      <ItemStatus>1</ItemStatus>
    </Item>
    <Item>
      <PriceUpdateDate>2020-10-10 21:00</PriceUpdateDate>
      <ItemCode>7290003227990</ItemCode>
      <ItemType>1</ItemType>
      <ItemName>חלאבילין דאו.נשים 10מ"ל</ItemName>
      <ManufacturerName>תעשיות שיק</ManufacturerName>
      <ManufactureCountry>IL</ManufactureCountry>
      <ManufacturerItemDescription>דאו.קרם חלאבילין</ManufacturerItemDescription>
      <UnitQty>מיליליטרים</UnitQty>
      <Quantity>10.00</Quantity>
      <bIsWeighted>0</bIsWeighted>
      <UnitOfMeasure>100 מ"ל</UnitOfMeasure>
      <QtyInPackage>1</QtyInPackage>
      <ItemPrice>35.90</ItemPrice>
      <UnitOfMeasurePrice>359.00</UnitOfMeasurePrice>
      <AllowDiscount>1</AllowDiscount>
      <ItemStatus>1</ItemStatus>
    </Item>
    <Item>
      <PriceUpdateDate>2020-01-20 00:14</PriceUpdateDate>
      <ItemCode>7290003231270</ItemCode>
      <ItemType>1</ItemType>
      <ItemName>דאו.דאב סטיק פרש טאצ50'ג</ItemName>
      <ManufacturerName>יוניליוור</ManufacturerName>
      <ManufactureCountry>PH</ManufactureCountry>
      <ManufacturerItemDescription>דאודורנט דאב</ManufacturerItemDescription>
      <UnitQty>גרמים</UnitQty>
      <Quantity>50.00</Quantity>
      <bIsWeighted>0</bIsWeighted>
      <UnitOfMeasure>100 גרם</UnitOfMeasure>
      <QtyInPackage>0</QtyInPackage>
      <ItemPrice>26.90</ItemPrice>
      <UnitOfMeasurePrice>53.80</UnitOfMeasurePrice>
      <AllowDiscount>1</AllowDiscount>
      <ItemStatus>1</ItemStatus>
    </Item>
    <Item>
      <PriceUpdateDate>2020-10-10 21:00</PriceUpdateDate>
      <ItemCode>7290003387205</ItemCode>
      <ItemType>1</ItemType>
      <ItemName>דאו.ספיד סטיק לגבר 56 גר</ItemName>
      <ManufacturerName>קולגייט פלמוליב</ManufacturerName>
      <ManufactureCountry>US</ManufactureCountry>
      <ManufacturerItemDescription>דאודורנט סטיק</ManufacturerItemDescription>
      <UnitQty>גרמים</UnitQty>
      <Quantity>56.00</Quantity>
      <bIsWeighted>0</bIsWeighted>
      <UnitOfMeasure>100 גרם</UnitOfMeasure>
      <QtyInPackage>0</QtyInPackage>
      <ItemPrice>17.90</ItemPrice>
      <UnitOfMeasurePrice>31.96</UnitOfMeasurePrice>
      <AllowDiscount>1</AllowDiscount>
      <ItemStatus>1</ItemStatus>
    </Item>
    <Item>
      <PriceUpdateDate>2020-10-10 21:00</PriceUpdateDate>
      <ItemCode>7290003387373</ItemCode>
      <ItemType>1</ItemType>
      <ItemName>דאו.ספיד סטיק ספורט50גרם</ItemName>
      <ManufacturerName>קולגייט פלמוליב</ManufacturerName>
      <ManufactureCountry>US</ManufactureCountry>
      <ManufacturerItemDescription>דאודורנט</ManufacturerItemDescription>
      <UnitQty>גרמים</UnitQty>
      <Quantity>50.00</Quantity>
      <bIsWeighted>0</bIsWeighted>
      <UnitOfMeasure>100 גרם</UnitOfMeasure>
      <QtyInPackage>0</QtyInPackage>
      <ItemPrice>17.90</ItemPrice>
      <UnitOfMeasurePrice>35.80</UnitOfMeasurePrice>
      <AllowDiscount>1</AllowDiscount>
      <ItemStatus>1</ItemStatus>
    </Item>
    <Item>
      <PriceUpdateDate>2020-01-20 00:14</PriceUpdateDate>
      <ItemCode>7290003387410</ItemCode>
      <ItemType>1</ItemType>
      <ItemName>פדים להסרת איפור 80*3 יח</ItemName>
      <ManufacturerName>ספטונה</ManufacturerName>
      <ManufactureCountry>GR</ManufactureCountry>
      <ManufacturerItemDescription>פדים בלונס 3 יח</ManufacturerItemDescription>
      <UnitQty>יחידה</UnitQty>
      <Quantity>1.00</Quantity>
      <bIsWeighted>0</bIsWeighted>
      <UnitOfMeasure>יחידה</UnitOfMeasure>
      <QtyInPackage>0</QtyInPackage>
      <ItemPrice>24.90</ItemPrice>
      <UnitOfMeasurePrice>24.90</UnitOfMeasurePrice>
      <AllowDiscount>1</AllowDiscount>
      <ItemStatus>1</ItemStatus>
    </Item>
    <Item>
      <PriceUpdateDate>2020-10-04 17:09</PriceUpdateDate>
      <ItemCode>7290003401369</ItemCode>
      <ItemType>1</ItemType>
      <ItemName>קרם לחות לשיער חוחובה400</ItemName>
      <ManufacturerName>קרליין</ManufacturerName>
      <ManufactureCountry>IL</ManufactureCountry>
      <ManufacturerItemDescription>קרם לחות לשיער</ManufacturerItemDescription>
      <UnitQty>מיליליטרים</UnitQty>
      <Quantity>400.00</Quantity>
      <bIsWeighted>0</bIsWeighted>
      <UnitOfMeasure>100 מ"ל</UnitOfMeasure>
      <QtyInPackage>0</QtyInPackage>
      <ItemPrice>21.90</ItemPrice>
      <UnitOfMeasurePrice>5.48</UnitOfMeasurePrice>
      <AllowDiscount>1</AllowDiscount>
      <ItemStatus>1</ItemStatus>
    </Item>
    <Item>
      <PriceUpdateDate>2020-10-10 20:20</PriceUpdateDate>
      <ItemCode>7290003401642</ItemCode>
      <ItemType>1</ItemType>
      <ItemName>קר.לחות לתלתלים נטורל400</ItemName>
      <ManufacturerName>קרליין</ManufacturerName>
      <ManufactureCountry>IL</ManufactureCountry>
      <ManufacturerItemDescription>קרם לחות לשיער</ManufacturerItemDescription>
      <UnitQty>מיליליטרים</UnitQty>
      <Quantity>400.00</Quantity>
      <bIsWeighted>0</bIsWeighted>
      <UnitOfMeasure>100 מ"ל</UnitOfMeasure>
      <QtyInPackage>0</QtyInPackage>
      <ItemPrice>21.90</ItemPrice>
      <UnitOfMeasurePrice>5.48</UnitOfMeasurePrice>
      <AllowDiscount>1</AllowDiscount>
      <ItemStatus>1</ItemStatus>
    </Item>
    <Item>
      <PriceUpdateDate>2020-01-20 00:21</PriceUpdateDate>
      <ItemCode>7290003521166</ItemCode>
      <ItemType>1</ItemType>
      <ItemName>קרם רוזמרין לילדים סרקל</ItemName>
      <ManufacturerName>פישר מעבדות פרמצבטיות בע</ManufacturerName>
      <ManufactureCountry>IL</ManufactureCountry>
      <ManufacturerItemDescription>סרקל קרם רוזמרין</ManufacturerItemDescription>
      <UnitQty>מיליליטרים</UnitQty>
      <Quantity>325.00</Quantity>
      <bIsWeighted>0</bIsWeighted>
      <UnitOfMeasure>100 מ"ל</UnitOfMeasure>
      <QtyInPackage>0</QtyInPackage>
      <ItemPrice>25.90</ItemPrice>
      <UnitOfMeasurePrice>7.97</UnitOfMeasurePrice>
      <AllowDiscount>1</AllowDiscount>
      <ItemStatus>1</ItemStatus>
    </Item>
    <Item>
      <PriceUpdateDate>2020-01-20 00:21</PriceUpdateDate>
      <ItemCode>7290003521180</ItemCode>
      <ItemType>1</ItemType>
      <ItemName>סרקל שמפו+מרכך500 מ"ל</ItemName>
      <ManufacturerName>פישר מעבדות פרמצבטיות בע</ManufacturerName>
      <ManufactureCountry>IL</ManufactureCountry>
      <ManufacturerItemDescription>שמפו+מרכך סרקל</ManufacturerItemDescription>
      <UnitQty>מיליליטרים</UnitQty>
      <Quantity>500.00</Quantity>
      <bIsWeighted>0</bIsWeighted>
      <UnitOfMeasure>100 מ"ל</UnitOfMeasure>
      <QtyInPackage>0</QtyInPackage>
      <ItemPrice>16.90</ItemPrice>
      <UnitOfMeasurePrice>3.38</UnitOfMeasurePrice>
      <AllowDiscount>1</AllowDiscount>
      <ItemStatus>1</ItemStatus>
    </Item>
    <Item>
      <PriceUpdateDate>2020-01-20 00:21</PriceUpdateDate>
      <ItemCode>7290003521197</ItemCode>
      <ItemType>1</ItemType>
      <ItemName>מתיר קשרים לילדים סרקל</ItemName>
      <ManufacturerName>פישר מעבדות פרמצבטיות בע</ManufacturerName>
      <ManufactureCountry>IL</ManufactureCountry>
      <ManufacturerItemDescription>סרקל מתיר קשרים</ManufacturerItemDescription>
      <UnitQty>מיליליטרים</UnitQty>
      <Quantity>340.00</Quantity>
      <bIsWeighted>0</bIsWeighted>
      <UnitOfMeasure>100 מ"ל</UnitOfMeasure>
      <QtyInPackage>0</QtyInPackage>
      <ItemPrice>25.90</ItemPrice>
      <UnitOfMeasurePrice>7.62</UnitOfMeasurePrice>
      <AllowDiscount>1</AllowDiscount>
      <ItemStatus>1</ItemStatus>
    </Item>
    <Item>
      <PriceUpdateDate>2020-10-10 21:00</PriceUpdateDate>
      <ItemCode>7290003805501</ItemCode>
      <ItemType>1</ItemType>
      <ItemName>פתית חסכוני שוודית 300גר</ItemName>
      <ManufacturerName>יוניליוור ישראל מזון בע\</ManufacturerName>
      <ManufactureCountry>IL</ManufactureCountry>
      <ManufacturerItemDescription>פתית קרקר שוודי</ManufacturerItemDescription>
      <UnitQty>גרמים</UnitQty>
      <Quantity>300.00</Quantity>
      <bIsWeighted>0</bIsWeighted>
      <UnitOfMeasure>100 גרם</UnitOfMeasure>
      <QtyInPackage>0</QtyInPackage>
      <ItemPrice>13.90</ItemPrice>
      <UnitOfMeasurePrice>4.63</UnitOfMeasurePrice>
      <AllowDiscount>1</AllowDiscount>
      <ItemStatus>1</ItemStatus>
    </Item>
    <Item>
      <PriceUpdateDate>2020-10-13 11:50</PriceUpdateDate>
      <ItemCode>7290003806577</ItemCode>
      <ItemType>1</ItemType>
      <ItemName>דאו. דאב אורגינל 150מל</ItemName>
      <ManufacturerName>יוניליוור</ManufacturerName>
      <ManufactureCountry>GB</ManufactureCountry>
      <ManufacturerItemDescription>דאודורנט דאב</ManufacturerItemDescription>
      <UnitQty>מיליליטרים</UnitQty>
      <Quantity>150.00</Quantity>
      <bIsWeighted>0</bIsWeighted>
      <UnitOfMeasure>100 מ"ל</UnitOfMeasure>
      <QtyInPackage>1</QtyInPackage>
      <ItemPrice>14.90</ItemPrice>
      <UnitOfMeasurePrice>9.93</UnitOfMeasurePrice>
      <AllowDiscount>1</AllowDiscount>
      <ItemStatus>1</ItemStatus>
    </Item>
    <Item>
      <PriceUpdateDate>2020-10-13 11:50</PriceUpdateDate>
      <ItemCode>7290003806584</ItemCode>
      <ItemType>1</ItemType>
      <ItemName>דאו. דאב ללא סימן 150מ"ל</ItemName>
      <ManufacturerName>יוניליוור אנגליה, דרך קו</ManufacturerName>
      <ManufactureCountry>GB</ManufactureCountry>
      <ManufacturerItemDescription>דאודורנט דאב</ManufacturerItemDescription>
      <UnitQty>מיליליטרים</UnitQty>
      <Quantity>150.00</Quantity>
      <bIsWeighted>0</bIsWeighted>
      <UnitOfMeasure>100 מ"ל</UnitOfMeasure>
      <QtyInPackage>1</QtyInPackage>
      <ItemPrice>14.90</ItemPrice>
      <UnitOfMeasurePrice>9.93</UnitOfMeasurePrice>
      <AllowDiscount>1</AllowDiscount>
      <ItemStatus>1</ItemStatus>
    </Item>
    <Item>
      <PriceUpdateDate>2020-10-13 11:50</PriceUpdateDate>
      <ItemCode>7290003806591</ItemCode>
      <ItemType>1</ItemType>
      <ItemName>דאו. דאב מלפפונים150מ</ItemName>
      <ManufacturerName>יוניליוור</ManufacturerName>
      <ManufactureCountry>GB</ManufactureCountry>
      <ManufacturerItemDescription>דאודורנט דאב</ManufacturerItemDescription>
      <UnitQty>מיליליטרים</UnitQty>
      <Quantity>150.00</Quantity>
      <bIsWeighted>0</bIsWeighted>
      <UnitOfMeasure>100 מ"ל</UnitOfMeasure>
      <QtyInPackage>1</QtyInPackage>
      <ItemPrice>14.90</ItemPrice>
      <UnitOfMeasurePrice>9.93</UnitOfMeasurePrice>
      <AllowDiscount>1</AllowDiscount>
      <ItemStatus>1</ItemStatus>
    </Item>
    <Item>
      <PriceUpdateDate>2020-01-20 00:09</PriceUpdateDate>
      <ItemCode>7290004014407</ItemCode>
      <ItemType>1</ItemType>
      <ItemName>עדשי מ&amp;מ'ס חמאת בוטנים46</ItemName>
      <ManufacturerName>מרס</ManufacturerName>
      <ManufactureCountry>US</ManufactureCountry>
      <ManufacturerItemDescription>עדשי מ&amp;מ'ס</ManufacturerItemDescription>
      <UnitQty>גרמים</UnitQty>
      <Quantity>46.00</Quantity>
      <bIsWeighted>0</bIsWeighted>
      <UnitOfMeasure>100 גרם</UnitOfMeasure>
      <QtyInPackage>1</QtyInPackage>
      <ItemPrice>5.00</ItemPrice>
      <UnitOfMeasurePrice>10.87</UnitOfMeasurePrice>
      <AllowDiscount>1</AllowDiscount>
      <ItemStatus>1</ItemStatus>
    </Item>
    <Item>
      <PriceUpdateDate>2020-10-10 20:20</PriceUpdateDate>
      <ItemCode>7290004078225</ItemCode>
      <ItemType>1</ItemType>
      <ItemName>מי פה קולג.פלקס ירוק500מ</ItemName>
      <ManufacturerName>קולגייט- פלמוליב</ManufacturerName>
      <ManufactureCountry>BR</ManufactureCountry>
      <ManufacturerItemDescription>מי פה קולגייט</ManufacturerItemDescription>
      <UnitQty>מיליליטרים</UnitQty>
      <Quantity>500.00</Quantity>
      <bIsWeighted>0</bIsWeighted>
      <UnitOfMeasure>100 מ"ל</UnitOfMeasure>
      <QtyInPackage>0</QtyInPackage>
      <ItemPrice>14.90</ItemPrice>
      <UnitOfMeasurePrice>2.98</UnitOfMeasurePrice>
      <AllowDiscount>1</AllowDiscount>
      <ItemStatus>1</ItemStatus>
    </Item>
    <Item>
      <PriceUpdateDate>2020-01-20 00:14</PriceUpdateDate>
      <ItemCode>7290004078263</ItemCode>
      <ItemType>1</ItemType>
      <ItemName>בלונס צימרונים 200*2 יחי</ItemName>
      <ManufacturerName>ספטונה</ManufacturerName>
      <ManufactureCountry>GR</ManufactureCountry>
      <ManufacturerItemDescription>מקלוני כותנה</ManufacturerItemDescription>
      <UnitQty>יחידה</UnitQty>
      <Quantity>1.00</Quantity>
      <bIsWeighted>0</bIsWeighted>
      <UnitOfMeasure>יחידה</UnitOfMeasure>
      <QtyInPackage>0</QtyInPackage>
      <ItemPrice>14.90</ItemPrice>
      <UnitOfMeasurePrice>14.90</UnitOfMeasurePrice>
      <AllowDiscount>1</AllowDiscount>
      <ItemStatus>1</ItemStatus>
    </Item>
    <Item>
      <PriceUpdateDate>2020-10-10 21:00</PriceUpdateDate>
      <ItemCode>7290004078942</ItemCode>
      <ItemType>1</ItemType>
      <ItemName>ליידי ס.סטיק ג'ל מרענן</ItemName>
      <ManufacturerName>קולגייט פלמוליב</ManufacturerName>
      <ManufactureCountry>US</ManufactureCountry>
      <ManufacturerItemDescription>דאודורנט</ManufacturerItemDescription>
      <UnitQty>גרמים</UnitQty>
      <Quantity>65.00</Quantity>
      <bIsWeighted>0</bIsWeighted>
      <UnitOfMeasure>100 גרם</UnitOfMeasure>
      <QtyInPackage>0</QtyInPackage>
      <ItemPrice>19.90</ItemPrice>
      <UnitOfMeasurePrice>30.62</UnitOfMeasurePrice>
      <AllowDiscount>1</AllowDiscount>
      <ItemStatus>1</ItemStatus>
    </Item>
    <Item>
      <PriceUpdateDate>2020-01-20 00:14</PriceUpdateDate>
      <ItemCode>7290004091248</ItemCode>
      <ItemType>1</ItemType>
      <ItemName>וזלין טהור 106 גרם</ItemName>
      <ManufacturerName>יוניליוור</ManufacturerName>
      <ManufactureCountry>US</ManufactureCountry>
      <ManufacturerItemDescription>וזלין טהור</ManufacturerItemDescription>
      <UnitQty>גרמים</UnitQty>
      <Quantity>106.00</Quantity>
      <bIsWeighted>0</bIsWeighted>
      <UnitOfMeasure>100 גרם</UnitOfMeasure>
      <QtyInPackage>0</QtyInPackage>
      <ItemPrice>14.90</ItemPrice>
      <UnitOfMeasurePrice>14.06</UnitOfMeasurePrice>
      <AllowDiscount>1</AllowDiscount>
      <ItemStatus>1</ItemStatus>
    </Item>
    <Item>
      <PriceUpdateDate>2020-01-20 00:14</PriceUpdateDate>
      <ItemCode>7290004091255</ItemCode>
      <ItemType>1</ItemType>
      <ItemName>וזלין טהור 225 גרם</ItemName>
      <ManufacturerName>יוניליוור</ManufacturerName>
      <ManufactureCountry>US</ManufactureCountry>
      <ManufacturerItemDescription>וזלין</ManufacturerItemDescription>
      <UnitQty>גרמים</UnitQty>
      <Quantity>225.00</Quantity>
      <bIsWeighted>0</bIsWeighted>
      <UnitOfMeasure>100 גרם</UnitOfMeasure>
      <QtyInPackage>0</QtyInPackage>
      <ItemPrice>20.90</ItemPrice>
      <UnitOfMeasurePrice>9.29</UnitOfMeasurePrice>
      <AllowDiscount>1</AllowDiscount>
      <ItemStatus>1</ItemStatus>
    </Item>
    <Item>
      <PriceUpdateDate>2020-10-10 21:00</PriceUpdateDate>
      <ItemCode>7290004464264</ItemCode>
      <ItemType>1</ItemType>
      <ItemName>טל קרם רב שימושי אומגה 3</ItemName>
      <ManufacturerName>תעשיות שיק</ManufacturerName>
      <ManufactureCountry>IL</ManufactureCountry>
      <ManufacturerItemDescription>טל קרם רב שימושי</ManufacturerItemDescription>
      <UnitQty>מיליליטרים</UnitQty>
      <Quantity>250.00</Quantity>
      <bIsWeighted>0</bIsWeighted>
      <UnitOfMeasure>100 מ"ל</UnitOfMeasure>
      <QtyInPackage>1</QtyInPackage>
      <ItemPrice>22.90</ItemPrice>
      <UnitOfMeasurePrice>9.16</UnitOfMeasurePrice>
      <AllowDiscount>1</AllowDiscount>
      <ItemStatus>1</ItemStatus>
    </Item>
    <Item>
      <PriceUpdateDate>2020-10-10 20:20</PriceUpdateDate>
      <ItemCode>7290004731083</ItemCode>
      <ItemType>1</ItemType>
      <ItemName>אל סבון כיף ג'ינסנג1ליטר</ItemName>
      <ManufacturerName>קוסמופארם בע'\'\מ</ManufacturerName>
      <ManufactureCountry>IL</ManufactureCountry>
      <ManufacturerItemDescription>אל סבון כיף</ManufacturerItemDescription>
      <UnitQty>ליטרים</UnitQty>
      <Quantity>1.00</Quantity>
      <bIsWeighted>0</bIsWeighted>
      <UnitOfMeasure>ליטר</UnitOfMeasure>
      <QtyInPackage>0</QtyInPackage>
      <ItemPrice>11.90</ItemPrice>
      <UnitOfMeasurePrice>11.90</UnitOfMeasurePrice>
      <AllowDiscount>1</AllowDiscount>
      <ItemStatus>1</ItemStatus>
    </Item>
    <Item>
      <PriceUpdateDate>2020-01-20 00:14</PriceUpdateDate>
      <ItemCode>7290004731120</ItemCode>
      <ItemType>1</ItemType>
      <ItemName>ק.ידיים קרמה עור רגיל100</ItemName>
      <ManufacturerName>---</ManufacturerName>
      <ManufactureCountry>IL</ManufactureCountry>
      <ManufacturerItemDescription>קרם ידיים קרמה</ManufacturerItemDescription>
      <UnitQty>מיליליטרים</UnitQty>
      <Quantity>100.00</Quantity>
      <bIsWeighted>0</bIsWeighted>
      <UnitOfMeasure>100 מ"ל</UnitOfMeasure>
      <QtyInPackage>0</QtyInPackage>
      <ItemPrice>11.90</ItemPrice>
      <UnitOfMeasurePrice>11.90</UnitOfMeasurePrice>
      <AllowDiscount>1</AllowDiscount>
      <ItemStatus>1</ItemStatus>
    </Item>
    <Item>
      <PriceUpdateDate>2020-01-20 00:14</PriceUpdateDate>
      <ItemCode>7290004731137</ItemCode>
      <ItemType>1</ItemType>
      <ItemName>ק.ידיים קרמה עור יבש100מ</ItemName>
      <ManufacturerName>קוסמופארם</ManufacturerName>
      <ManufactureCountry>IL</ManufactureCountry>
      <ManufacturerItemDescription>קרמה קרם ידיים</ManufacturerItemDescription>
      <UnitQty>מיליליטרים</UnitQty>
      <Quantity>100.00</Quantity>
      <bIsWeighted>0</bIsWeighted>
      <UnitOfMeasure>100 מ"ל</UnitOfMeasure>
      <QtyInPackage>0</QtyInPackage>
      <ItemPrice>11.90</ItemPrice>
      <UnitOfMeasurePrice>11.90</UnitOfMeasurePrice>
      <AllowDiscount>1</AllowDiscount>
      <ItemStatus>1</ItemStatus>
    </Item>
    <Item>
      <PriceUpdateDate>2020-10-10 20:20</PriceUpdateDate>
      <ItemCode>7290004731472</ItemCode>
      <ItemType>1</ItemType>
      <ItemName>אלסבון כיף צבעוני 500*3מ</ItemName>
      <ManufacturerName>קוסמופארם בע'\'\מ</ManufacturerName>
      <ManufactureCountry>IL</ManufactureCountry>
      <ManufacturerItemDescription>אלסבון כיף 3 יח</ManufacturerItemDescription>
      <UnitQty>ליטרים</UnitQty>
      <Quantity>1.50</Quantity>
      <bIsWeighted>0</bIsWeighted>
      <UnitOfMeasure>ליטר</UnitOfMeasure>
      <QtyInPackage>0</QtyInPackage>
      <ItemPrice>17.90</ItemPrice>
      <UnitOfMeasurePrice>11.94</UnitOfMeasurePrice>
      <AllowDiscount>1</AllowDiscount>
      <ItemStatus>1</ItemStatus>
    </Item>
    <Item>
      <PriceUpdateDate>2020-10-10 20:20</PriceUpdateDate>
      <ItemCode>7290004731564</ItemCode>
      <ItemType>1</ItemType>
      <ItemName>מקסימה למייבש בלוסום750מ</ItemName>
      <ManufacturerName>---</ManufacturerName>
      <ManufactureCountry>IL</ManufactureCountry>
      <ManufacturerItemDescription>מקסימה למייבש</ManufacturerItemDescription>
      <UnitQty>מיליליטרים</UnitQty>
      <Quantity>750.00</Quantity>
      <bIsWeighted>0</bIsWeighted>
      <UnitOfMeasure>100 מ"ל</UnitOfMeasure>
      <QtyInPackage>1</QtyInPackage>
      <ItemPrice>14.90</ItemPrice>
      <UnitOfMeasurePrice>1.99</UnitOfMeasurePrice>
      <AllowDiscount>1</AllowDiscount>
      <ItemStatus>1</ItemStatus>
    </Item>
    <Item>
      <PriceUpdateDate>2020-07-24 05:37</PriceUpdateDate>
      <ItemCode>7290004731984</ItemCode>
      <ItemType>1</ItemType>
      <ItemName>משחת אורביטול מלבינה145ג</ItemName>
      <ManufacturerName>טרופיקל דגיל תעשיות קוסמ</ManufacturerName>
      <ManufactureCountry>IL</ManufactureCountry>
      <ManufacturerItemDescription>משחת אורביטול</ManufacturerItemDescription>
      <UnitQty>גרמים</UnitQty>
      <Quantity>145.00</Quantity>
      <bIsWeighted>0</bIsWeighted>
      <UnitOfMeasure>100 גרם</UnitOfMeasure>
      <QtyInPackage>1</QtyInPackage>
      <ItemPrice>15.90</ItemPrice>
      <UnitOfMeasurePrice>10.97</UnitOfMeasurePrice>
      <AllowDiscount>1</AllowDiscount>
      <ItemStatus>1</ItemStatus>
    </Item>
    <Item>
      <PriceUpdateDate>2020-10-10 21:00</PriceUpdateDate>
      <ItemCode>7290005008481</ItemCode>
      <ItemType>1</ItemType>
      <ItemName>דאו.ספיד סטיק ג'ל ספורט</ItemName>
      <ManufacturerName>קולגייט פלמוליב</ManufacturerName>
      <ManufactureCountry>US</ManufactureCountry>
      <ManufacturerItemDescription>ספיד סטיק ג'ל</ManufacturerItemDescription>
      <UnitQty>גרמים</UnitQty>
      <Quantity>85.00</Quantity>
      <bIsWeighted>0</bIsWeighted>
      <UnitOfMeasure>100 גרם</UnitOfMeasure>
      <QtyInPackage>0</QtyInPackage>
      <ItemPrice>17.90</ItemPrice>
      <UnitOfMeasurePrice>21.06</UnitOfMeasurePrice>
      <AllowDiscount>1</AllowDiscount>
      <ItemStatus>1</ItemStatus>
    </Item>
    <Item>
      <PriceUpdateDate>2020-01-20 00:14</PriceUpdateDate>
      <ItemCode>7290005084355</ItemCode>
      <ItemType>1</ItemType>
      <ItemName>משח.סנסודיין דואל קייר75</ItemName>
      <ManufacturerName>MICLEN DE</ManufacturerName>
      <ManufactureCountry>GB</ManufactureCountry>
      <ManufacturerItemDescription>משחת שיניים</ManufacturerItemDescription>
      <UnitQty>מיליליטרים</UnitQty>
      <Quantity>75.00</Quantity>
      <bIsWeighted>0</bIsWeighted>
      <UnitOfMeasure>100 מ"ל</UnitOfMeasure>
      <QtyInPackage>0</QtyInPackage>
      <ItemPrice>18.90</ItemPrice>
      <UnitOfMeasurePrice>25.20</UnitOfMeasurePrice>
      <AllowDiscount>1</AllowDiscount>
      <ItemStatus>1</ItemStatus>
    </Item>
    <Item>
      <PriceUpdateDate>2020-01-20 00:09</PriceUpdateDate>
      <ItemCode>7290005199738</ItemCode>
      <ItemType>1</ItemType>
      <ItemName>מאסט LL ריח פה פפרמינט28</ItemName>
      <ManufacturerName>עלית</ManufacturerName>
      <ManufactureCountry>IL</ManufactureCountry>
      <ManufacturerItemDescription>מסטיק מאסט LL</ManufacturerItemDescription>
      <UnitQty>גרמים</UnitQty>
      <Quantity>28.00</Quantity>
      <bIsWeighted>0</bIsWeighted>
      <UnitOfMeasure>100 גרם</UnitOfMeasure>
      <QtyInPackage>0</QtyInPackage>
      <ItemPrice>4.50</ItemPrice>
      <UnitOfMeasurePrice>16.07</UnitOfMeasurePrice>
      <AllowDiscount>1</AllowDiscount>
      <ItemStatus>1</ItemStatus>
    </Item>
    <Item>
      <PriceUpdateDate>2020-01-20 00:09</PriceUpdateDate>
      <ItemCode>7290005200908</ItemCode>
      <ItemType>1</ItemType>
      <ItemName>שוק.פרה עם ביסקוויט 100ג</ItemName>
      <ManufacturerName>עלית</ManufacturerName>
      <ManufactureCountry>IL</ManufactureCountry>
      <ManufacturerItemDescription>שוקולד+ביסקויט</ManufacturerItemDescription>
      <UnitQty>גרמים</UnitQty>
      <Quantity>100.00</Quantity>
      <bIsWeighted>0</bIsWeighted>
      <UnitOfMeasure>100 גרם</UnitOfMeasure>
      <QtyInPackage>0</QtyInPackage>
      <ItemPrice>6.90</ItemPrice>
      <UnitOfMeasurePrice>6.90</UnitOfMeasurePrice>
      <AllowDiscount>1</AllowDiscount>
      <ItemStatus>1</ItemStatus>
    </Item>
    <Item>
      <PriceUpdateDate>2020-10-10 20:20</PriceUpdateDate>
      <ItemCode>7290005418709</ItemCode>
      <ItemType>1</ItemType>
      <ItemName>קר.לחות נטורל קיבוע תלתל</ItemName>
      <ManufacturerName>קרליין</ManufacturerName>
      <ManufactureCountry>IL</ManufactureCountry>
      <ManufacturerItemDescription>קרם לחות לתלתלים</ManufacturerItemDescription>
      <UnitQty>מיליליטרים</UnitQty>
      <Quantity>400.00</Quantity>
      <bIsWeighted>0</bIsWeighted>
      <UnitOfMeasure>100 מ"ל</UnitOfMeasure>
      <QtyInPackage>0</QtyInPackage>
      <ItemPrice>21.90</ItemPrice>
      <UnitOfMeasurePrice>5.48</UnitOfMeasurePrice>
      <AllowDiscount>1</AllowDiscount>
      <ItemStatus>1</ItemStatus>
    </Item>
    <Item>
      <PriceUpdateDate>2020-01-20 00:14</PriceUpdateDate>
      <ItemCode>7290005418891</ItemCode>
      <ItemType>1</ItemType>
      <ItemName>ג'ל לשיער עיצוב רטוב500מ</ItemName>
      <ManufacturerName>קרליין</ManufacturerName>
      <ManufactureCountry>IL</ManufactureCountry>
      <ManufacturerItemDescription>ג'ל לעיצוב שיער</ManufacturerItemDescription>
      <UnitQty>מיליליטרים</UnitQty>
      <Quantity>500.00</Quantity>
      <bIsWeighted>0</bIsWeighted>
      <UnitOfMeasure>100 מ"ל</UnitOfMeasure>
      <QtyInPackage>0</QtyInPackage>
      <ItemPrice>22.90</ItemPrice>
      <UnitOfMeasurePrice>4.58</UnitOfMeasurePrice>
      <AllowDiscount>1</AllowDiscount>
      <ItemStatus>1</ItemStatus>
    </Item>
    <Item>
      <PriceUpdateDate>2020-01-20 00:21</PriceUpdateDate>
      <ItemCode>7290005423635</ItemCode>
      <ItemType>1</ItemType>
      <ItemName>ריצפז פלוס דוחה תיקנים2ל</ItemName>
      <ManufacturerName>סנו מפעלי ברונוס בעמ</ManufacturerName>
      <ManufactureCountry>IL</ManufactureCountry>
      <ManufacturerItemDescription>ריצפז דוחה חרקים</ManufacturerItemDescription>
      <UnitQty>ליטרים</UnitQty>
      <Quantity>2.00</Quantity>
      <bIsWeighted>0</bIsWeighted>
      <UnitOfMeasure>ליטר</UnitOfMeasure>
      <QtyInPackage>0</QtyInPackage>
      <ItemPrice>22.90</ItemPrice>
      <UnitOfMeasurePrice>11.45</UnitOfMeasurePrice>
      <AllowDiscount>1</AllowDiscount>
      <ItemStatus>1</ItemStatus>
    </Item>
    <Item>
      <PriceUpdateDate>2020-04-12 05:35</PriceUpdateDate>
      <ItemCode>7290005423833</ItemCode>
      <ItemType>1</ItemType>
      <ItemName>פוליויקס פרקט 2 ליטר</ItemName>
      <ManufacturerName>סנו מפעלי ברונוס בע"\מ</ManufacturerName>
      <ManufactureCountry>IL</ManufactureCountry>
      <ManufacturerItemDescription>פוליויקס פרקט</ManufacturerItemDescription>
      <UnitQty>ליטרים</UnitQty>
      <Quantity>2.00</Quantity>
      <bIsWeighted>0</bIsWeighted>
      <UnitOfMeasure>ליטר</UnitOfMeasure>
      <QtyInPackage>0</QtyInPackage>
      <ItemPrice>29.90</ItemPrice>
      <UnitOfMeasurePrice>14.95</UnitOfMeasurePrice>
      <AllowDiscount>1</AllowDiscount>
      <ItemStatus>1</ItemStatus>
    </Item>
    <Item>
      <PriceUpdateDate>2020-10-10 20:20</PriceUpdateDate>
      <ItemCode>7290005423888</ItemCode>
      <ItemType>1</ItemType>
      <ItemName>אלסבון כיף סגול 500*3מל</ItemName>
      <ManufacturerName>קוסמופארם בע'\'\מ</ManufacturerName>
      <ManufactureCountry>IL</ManufactureCountry>
      <ManufacturerItemDescription>אל סבון כיף 3 יח</ManufacturerItemDescription>
      <UnitQty>ליטרים</UnitQty>
      <Quantity>1.50</Quantity>
      <bIsWeighted>0</bIsWeighted>
      <UnitOfMeasure>ליטר</UnitOfMeasure>
      <QtyInPackage>0</QtyInPackage>
      <ItemPrice>17.90</ItemPrice>
      <UnitOfMeasurePrice>11.94</UnitOfMeasurePrice>
      <AllowDiscount>1</AllowDiscount>
      <ItemStatus>1</ItemStatus>
    </Item>
    <Item>
      <PriceUpdateDate>2020-10-10 20:20</PriceUpdateDate>
      <ItemCode>7290005424403</ItemCode>
      <ItemType>1</ItemType>
      <ItemName>אל סבון כיף אצות ים1ליטר</ItemName>
      <ManufacturerName>קוסמופארם בע'\'\מ</ManufacturerName>
      <ManufactureCountry>IL</ManufactureCountry>
      <ManufacturerItemDescription>אל סבון כיף</ManufacturerItemDescription>
      <UnitQty>ליטרים</UnitQty>
      <Quantity>1.00</Quantity>
      <bIsWeighted>0</bIsWeighted>
      <UnitOfMeasure>ליטר</UnitOfMeasure>
      <QtyInPackage>0</QtyInPackage>
      <ItemPrice>11.90</ItemPrice>
      <UnitOfMeasurePrice>11.90</UnitOfMeasurePrice>
      <AllowDiscount>1</AllowDiscount>
      <ItemStatus>1</ItemStatus>
    </Item>
    <Item>
      <PriceUpdateDate>2020-10-10 20:20</PriceUpdateDate>
      <ItemCode>7290005424694</ItemCode>
      <ItemType>1</ItemType>
      <ItemName>קרמה תח.רחצה קלאסיק 750מ</ItemName>
      <ManufacturerName>קוסמופארם בע'\'\מ</ManufacturerName>
      <ManufactureCountry>IL</ManufactureCountry>
      <ManufacturerItemDescription>קרמה תחליב רחצה</ManufacturerItemDescription>
      <UnitQty>מיליליטרים</UnitQty>
      <Quantity>750.00</Quantity>
      <bIsWeighted>0</bIsWeighted>
      <UnitOfMeasure>100 מ"ל</UnitOfMeasure>
      <QtyInPackage>0</QtyInPackage>
      <ItemPrice>15.90</ItemPrice>
      <UnitOfMeasurePrice>2.12</UnitOfMeasurePrice>
      <AllowDiscount>1</AllowDiscount>
      <ItemStatus>1</ItemStatus>
    </Item>
    <Item>
      <PriceUpdateDate>2020-10-10 19:40</PriceUpdateDate>
      <ItemCode>7290005425110</ItemCode>
      <ItemType>1</ItemType>
      <ItemName>מחטא ומשמיד חיידקים750</ItemName>
      <ManufacturerName>סנו מפעלי ברונוס בע"\מ</ManufacturerName>
      <ManufactureCountry>IL</ManufactureCountry>
      <ManufacturerItemDescription>מחטא משטחים סנו</ManufacturerItemDescription>
      <UnitQty>מיליליטרים</UnitQty>
      <Quantity>750.00</Quantity>
      <bIsWeighted>0</bIsWeighted>
      <UnitOfMeasure>100 מ"ל</UnitOfMeasure>
      <QtyInPackage>1</QtyInPackage>
      <ItemPrice>12.90</ItemPrice>
      <UnitOfMeasurePrice>1.72</UnitOfMeasurePrice>
      <AllowDiscount>1</AllowDiscount>
      <ItemStatus>1</ItemStatus>
    </Item>
    <Item>
      <PriceUpdateDate>2020-10-10 20:20</PriceUpdateDate>
      <ItemCode>7290005425455</ItemCode>
      <ItemType>1</ItemType>
      <ItemName>תחליב רחצה קרמה קלאסי500</ItemName>
      <ManufacturerName>קוסמופארם</ManufacturerName>
      <ManufactureCountry>IL</ManufactureCountry>
      <ManufacturerItemDescription>קרמה תחליב רחצה</ManufacturerItemDescription>
      <UnitQty>מיליליטרים</UnitQty>
      <Quantity>500.00</Quantity>
      <bIsWeighted>0</bIsWeighted>
      <UnitOfMeasure>100 מ"ל</UnitOfMeasure>
      <QtyInPackage>0</QtyInPackage>
      <ItemPrice>11.90</ItemPrice>
      <UnitOfMeasurePrice>2.38</UnitOfMeasurePrice>
      <AllowDiscount>1</AllowDiscount>
      <ItemStatus>1</ItemStatus>
    </Item>
    <Item>
      <PriceUpdateDate>2020-01-20 00:21</PriceUpdateDate>
      <ItemCode>7290005425646</ItemCode>
      <ItemType>1</ItemType>
      <ItemName>סנוקליר ניקוי חלונות 1ל'</ItemName>
      <ManufacturerName>סנו מפעלי ברונוס בע"\מ</ManufacturerName>
      <ManufactureCountry>IL</ManufactureCountry>
      <ManufacturerItemDescription>סנוקליר 1 ליטר</ManufacturerItemDescription>
      <UnitQty>ליטרים</UnitQty>
      <Quantity>1.00</Quantity>
      <bIsWeighted>0</bIsWeighted>
      <UnitOfMeasure>ליטר</UnitOfMeasure>
      <QtyInPackage>0</QtyInPackage>
      <ItemPrice>14.90</ItemPrice>
      <UnitOfMeasurePrice>14.90</UnitOfMeasurePrice>
      <AllowDiscount>1</AllowDiscount>
      <ItemStatus>1</ItemStatus>
    </Item>
    <Item>
      <PriceUpdateDate>2020-01-20 00:14</PriceUpdateDate>
      <ItemCode>7290005425745</ItemCode>
      <ItemType>1</ItemType>
      <ItemName>משחה אורביטול להלבנה145ג</ItemName>
      <ManufacturerName>קוסמופארם</ManufacturerName>
      <ManufactureCountry>IL</ManufactureCountry>
      <ManufacturerItemDescription>משחת שיניים</ManufacturerItemDescription>
      <UnitQty>גרמים</UnitQty>
      <Quantity>145.00</Quantity>
      <bIsWeighted>0</bIsWeighted>
      <UnitOfMeasure>100 גרם</UnitOfMeasure>
      <QtyInPackage>0</QtyInPackage>
      <ItemPrice>13.90</ItemPrice>
      <UnitOfMeasurePrice>9.59</UnitOfMeasurePrice>
      <AllowDiscount>1</AllowDiscount>
      <ItemStatus>1</ItemStatus>
    </Item>
    <Item>
      <PriceUpdateDate>2020-10-10 20:20</PriceUpdateDate>
      <ItemCode>7290005425783</ItemCode>
      <ItemType>1</ItemType>
      <ItemName>קרם גוף קרמה קלאסי 500מל</ItemName>
      <ManufacturerName>קוסמופארם בע'\'\מ</ManufacturerName>
      <ManufactureCountry>IL</ManufactureCountry>
      <ManufacturerItemDescription>קרם גוף קרמה</ManufacturerItemDescription>
      <UnitQty>מיליליטרים</UnitQty>
      <Quantity>500.00</Quantity>
      <bIsWeighted>0</bIsWeighted>
      <UnitOfMeasure>100 מ"ל</UnitOfMeasure>
      <QtyInPackage>0</QtyInPackage>
      <ItemPrice>22.90</ItemPrice>
      <UnitOfMeasurePrice>4.58</UnitOfMeasurePrice>
      <AllowDiscount>1</AllowDiscount>
      <ItemStatus>1</ItemStatus>
    </Item>
    <Item>
      <PriceUpdateDate>2020-01-20 00:21</PriceUpdateDate>
      <ItemCode>7290005426193</ItemCode>
      <ItemType>1</ItemType>
      <ItemName>ספוג הפלא סנו סושי 6 יח'</ItemName>
      <ManufacturerName>סנו מפעלי ברונו בעמ</ManufacturerName>
      <ManufactureCountry>IL</ManufactureCountry>
      <ManufacturerItemDescription>ספוג סנו סושי</ManufacturerItemDescription>
      <UnitQty>יחידה</UnitQty>
      <Quantity>1.00</Quantity>
      <bIsWeighted>0</bIsWeighted>
      <UnitOfMeasure>יחידה</UnitOfMeasure>
      <QtyInPackage>0</QtyInPackage>
      <ItemPrice>12.90</ItemPrice>
      <UnitOfMeasurePrice>12.90</UnitOfMeasurePrice>
      <AllowDiscount>1</AllowDiscount>
      <ItemStatus>1</ItemStatus>
    </Item>
    <Item>
      <PriceUpdateDate>2020-01-20 00:14</PriceUpdateDate>
      <ItemCode>7290005426575</ItemCode>
      <ItemType>1</ItemType>
      <ItemName>ק.לחות קרמה שיער יבש400מ</ItemName>
      <ManufacturerName>קוסמופארם בע'\'\מ</ManufacturerName>
      <ManufactureCountry>IL</ManufactureCountry>
      <ManufacturerItemDescription>קרם לחות קרמה</ManufacturerItemDescription>
      <UnitQty>מיליליטרים</UnitQty>
      <Quantity>400.00</Quantity>
      <bIsWeighted>0</bIsWeighted>
      <UnitOfMeasure>100 מ"ל</UnitOfMeasure>
      <QtyInPackage>0</QtyInPackage>
      <ItemPrice>23.90</ItemPrice>
      <UnitOfMeasurePrice>5.98</UnitOfMeasurePrice>
      <AllowDiscount>1</AllowDiscount>
      <ItemStatus>1</ItemStatus>
    </Item>
    <Item>
      <PriceUpdateDate>2020-01-20 00:21</PriceUpdateDate>
      <ItemCode>7290005427107</ItemCode>
      <ItemType>1</ItemType>
      <ItemName>מגבות נייר סנו סושי 6 גל</ItemName>
      <ManufacturerName>סנו מפעלי ברונוס בעמ</ManufacturerName>
      <ManufactureCountry>IL</ManufactureCountry>
      <ManufacturerItemDescription>מגבות נייר סנו</ManufacturerItemDescription>
      <UnitQty>מטרים</UnitQty>
      <Quantity>63.00</Quantity>
      <bIsWeighted>0</bIsWeighted>
      <UnitOfMeasure>מטר</UnitOfMeasure>
      <QtyInPackage>0</QtyInPackage>
      <ItemPrice>13.90</ItemPrice>
      <UnitOfMeasurePrice>0.22</UnitOfMeasurePrice>
      <AllowDiscount>1</AllowDiscount>
      <ItemStatus>1</ItemStatus>
    </Item>
    <Item>
      <PriceUpdateDate>2020-01-20 00:14</PriceUpdateDate>
      <ItemCode>7290005427619</ItemCode>
      <ItemType>1</ItemType>
      <ItemName>ג'ל כיף אקסטרים ירוק 1קג</ItemName>
      <ManufacturerName>קוסמופארם</ManufacturerName>
      <ManufactureCountry>IL</ManufactureCountry>
      <ManufacturerItemDescription>ג'ל כיף לשיער</ManufacturerItemDescription>
      <UnitQty>קילוגרמים</UnitQty>
      <Quantity>1.00</Quantity>
      <bIsWeighted>0</bIsWeighted>
      <UnitOfMeasure>ק"ג</UnitOfMeasure>
      <QtyInPackage>0</QtyInPackage>
      <ItemPrice>27.90</ItemPrice>
      <UnitOfMeasurePrice>27.90</UnitOfMeasurePrice>
      <AllowDiscount>1</AllowDiscount>
      <ItemStatus>1</ItemStatus>
    </Item>
    <Item>
      <PriceUpdateDate>2020-01-20 00:14</PriceUpdateDate>
      <ItemCode>7290005427633</ItemCode>
      <ItemType>1</ItemType>
      <ItemName>ג'ל כיף אקסטרים כחול 1קג</ItemName>
      <ManufacturerName>קוסמופארם</ManufacturerName>
      <ManufactureCountry>IL</ManufactureCountry>
      <ManufacturerItemDescription>ג'ל כיף לשיער</ManufacturerItemDescription>
      <UnitQty>קילוגרמים</UnitQty>
      <Quantity>1.00</Quantity>
      <bIsWeighted>0</bIsWeighted>
      <UnitOfMeasure>ק"ג</UnitOfMeasure>
      <QtyInPackage>0</QtyInPackage>
      <ItemPrice>27.90</ItemPrice>
      <UnitOfMeasurePrice>27.90</UnitOfMeasurePrice>
      <AllowDiscount>1</AllowDiscount>
      <ItemStatus>1</ItemStatus>
    </Item>
    <Item>
      <PriceUpdateDate>2020-01-20 00:14</PriceUpdateDate>
      <ItemCode>7290005427770</ItemCode>
      <ItemType>1</ItemType>
      <ItemName>קרמה לחות לשיער לגבר400מ</ItemName>
      <ManufacturerName>קוסמופארם</ManufacturerName>
      <ManufactureCountry>IL</ManufactureCountry>
      <ManufacturerItemDescription>קרמה לחות לשיער</ManufacturerItemDescription>
      <UnitQty>מיליליטרים</UnitQty>
      <Quantity>400.00</Quantity>
      <bIsWeighted>0</bIsWeighted>
      <UnitOfMeasure>100 מ"ל</UnitOfMeasure>
      <QtyInPackage>0</QtyInPackage>
      <ItemPrice>23.90</ItemPrice>
      <UnitOfMeasurePrice>5.98</UnitOfMeasurePrice>
      <AllowDiscount>1</AllowDiscount>
      <ItemStatus>1</ItemStatus>
    </Item>
    <Item>
      <PriceUpdateDate>2020-10-10 20:20</PriceUpdateDate>
      <ItemCode>7290005427985</ItemCode>
      <ItemType>1</ItemType>
      <ItemName>קרמה ת.רחצה לפנים+ג.פילי</ItemName>
      <ManufacturerName>קוסמופארם בעמ</ManufacturerName>
      <ManufactureCountry>IL</ManufactureCountry>
      <ManufacturerItemDescription>ת.רחצה לפנים+ג</ManufacturerItemDescription>
      <UnitQty>מיליליטרים</UnitQty>
      <Quantity>180.00</Quantity>
      <bIsWeighted>0</bIsWeighted>
      <UnitOfMeasure>100 מ"ל</UnitOfMeasure>
      <QtyInPackage>0</QtyInPackage>
      <ItemPrice>11.90</ItemPrice>
      <UnitOfMeasurePrice>6.61</UnitOfMeasurePrice>
      <AllowDiscount>1</AllowDiscount>
      <ItemStatus>1</ItemStatus>
    </Item>
    <Item>
      <PriceUpdateDate>2020-01-20 00:21</PriceUpdateDate>
      <ItemCode>7290005430602</ItemCode>
      <ItemType>1</ItemType>
      <ItemName>אוקסיג'ן מ.כתמים</ItemName>
      <ManufacturerName />
      <ManufactureCountry>IL</ManufactureCountry>
      <ManufacturerItemDescription>אוקסיג'ן מ.כתמים</ManufacturerItemDescription>
      <UnitQty>מיליליטרים</UnitQty>
      <Quantity>750.00</Quantity>
      <bIsWeighted>0</bIsWeighted>
      <UnitOfMeasure>100 מ"ל</UnitOfMeasure>
      <QtyInPackage>0</QtyInPackage>
      <ItemPrice>16.90</ItemPrice>
      <UnitOfMeasurePrice>2.25</UnitOfMeasurePrice>
      <AllowDiscount>1</AllowDiscount>
      <ItemStatus>1</ItemStatus>
    </Item>
    <Item>
      <PriceUpdateDate>2020-05-06 16:13</PriceUpdateDate>
      <ItemCode>7290005477683</ItemCode>
      <ItemType>1</ItemType>
      <ItemName>טיטניום אפטר שייב 100מ"ל</ItemName>
      <ManufacturerName>קרליין</ManufacturerName>
      <ManufactureCountry>IL</ManufactureCountry>
      <ManufacturerItemDescription>טיטניום אפט.שייב</ManufacturerItemDescription>
      <UnitQty>מיליליטרים</UnitQty>
      <Quantity>100.00</Quantity>
      <bIsWeighted>0</bIsWeighted>
      <UnitOfMeasure>100 מ"ל</UnitOfMeasure>
      <QtyInPackage>0</QtyInPackage>
      <ItemPrice>74.90</ItemPrice>
      <UnitOfMeasurePrice>74.90</UnitOfMeasurePrice>
      <AllowDiscount>1</AllowDiscount>
      <ItemStatus>1</ItemStatus>
    </Item>
    <Item>
      <PriceUpdateDate>2020-01-20 00:13</PriceUpdateDate>
      <ItemCode>7290005587825</ItemCode>
      <ItemType>1</ItemType>
      <ItemName>מסיר איפור עמיד במים</ItemName>
      <ManufacturerName>קרלסרו, גרמניה</ManufacturerName>
      <ManufactureCountry>DE</ManufactureCountry>
      <ManufacturerItemDescription>מסיר איפור</ManufacturerItemDescription>
      <UnitQty>מיליליטרים</UnitQty>
      <Quantity>150.00</Quantity>
      <bIsWeighted>0</bIsWeighted>
      <UnitOfMeasure>100 מ"ל</UnitOfMeasure>
      <QtyInPackage>0</QtyInPackage>
      <ItemPrice>31.90</ItemPrice>
      <UnitOfMeasurePrice>21.27</UnitOfMeasurePrice>
      <AllowDiscount>1</AllowDiscount>
      <ItemStatus>1</ItemStatus>
    </Item>
    <Item>
      <PriceUpdateDate>2020-10-10 20:20</PriceUpdateDate>
      <ItemCode>7290005657573</ItemCode>
      <ItemType>1</ItemType>
      <ItemName>ג'נסיס UC קרם יום רגיל50</ItemName>
      <ManufacturerName>פישר מעבדות פרמצבטיות</ManufacturerName>
      <ManufactureCountry>IL</ManufactureCountry>
      <ManufacturerItemDescription>קרם יום</ManufacturerItemDescription>
      <UnitQty>גרמים</UnitQty>
      <Quantity>50.00</Quantity>
      <bIsWeighted>0</bIsWeighted>
      <UnitOfMeasure>100 גרם</UnitOfMeasure>
      <QtyInPackage>0</QtyInPackage>
      <ItemPrice>49.90</ItemPrice>
      <UnitOfMeasurePrice>99.80</UnitOfMeasurePrice>
      <AllowDiscount>1</AllowDiscount>
      <ItemStatus>1</ItemStatus>
    </Item>
    <Item>
      <PriceUpdateDate>2020-10-10 21:00</PriceUpdateDate>
      <ItemCode>7290005680052</ItemCode>
      <ItemType>1</ItemType>
      <ItemName>טמפוני או-בה סופר + 32יח</ItemName>
      <ManufacturerName>ג'ונסון</ManufacturerName>
      <ManufactureCountry>GR</ManufactureCountry>
      <ManufacturerItemDescription>טמפוני או-בה</ManufacturerItemDescription>
      <UnitQty>יחידה</UnitQty>
      <Quantity>1.00</Quantity>
      <bIsWeighted>0</bIsWeighted>
      <UnitOfMeasure>יחידה</UnitOfMeasure>
      <QtyInPackage>0</QtyInPackage>
      <ItemPrice>22.90</ItemPrice>
      <UnitOfMeasurePrice>22.90</UnitOfMeasurePrice>
      <AllowDiscount>1</AllowDiscount>
      <ItemStatus>1</ItemStatus>
    </Item>
    <Item>
      <PriceUpdateDate>2020-01-20 00:09</PriceUpdateDate>
      <ItemCode>7290005896842</ItemCode>
      <ItemType>1</ItemType>
      <ItemName>סאן בנדטו אפרסק 500 מ"ל</ItemName>
      <ManufacturerName>אקווה מינרלה סאן בנדטו ב</ManufacturerName>
      <ManufactureCountry>IT</ManufactureCountry>
      <ManufacturerItemDescription>סאן בנדטו אפרסק</ManufacturerItemDescription>
      <UnitQty>מיליליטרים</UnitQty>
      <Quantity>500.00</Quantity>
      <bIsWeighted>0</bIsWeighted>
      <UnitOfMeasure>100 מ"ל</UnitOfMeasure>
      <QtyInPackage>0</QtyInPackage>
      <ItemPrice>5.00</ItemPrice>
      <UnitOfMeasurePrice>1.00</UnitOfMeasurePrice>
      <AllowDiscount>1</AllowDiscount>
      <ItemStatus>1</ItemStatus>
    </Item>
    <Item>
      <PriceUpdateDate>2020-01-20 00:09</PriceUpdateDate>
      <ItemCode>7290005896866</ItemCode>
      <ItemType>1</ItemType>
      <ItemName>סאן בנדטו ענבים 500 מ"ל</ItemName>
      <ManufacturerName>אקווה מינרלה סאן בנדטו ב</ManufacturerName>
      <ManufactureCountry>IT</ManufactureCountry>
      <ManufacturerItemDescription>סאן בנדטו ענבים</ManufacturerItemDescription>
      <UnitQty>מיליליטרים</UnitQty>
      <Quantity>500.00</Quantity>
      <bIsWeighted>0</bIsWeighted>
      <UnitOfMeasure>100 מ"ל</UnitOfMeasure>
      <QtyInPackage>0</QtyInPackage>
      <ItemPrice>5.00</ItemPrice>
      <UnitOfMeasurePrice>1.00</UnitOfMeasurePrice>
      <AllowDiscount>1</AllowDiscount>
      <ItemStatus>1</ItemStatus>
    </Item>
    <Item>
      <PriceUpdateDate>2020-10-10 20:20</PriceUpdateDate>
      <ItemCode>7290006185501</ItemCode>
      <ItemType>1</ItemType>
      <ItemName>סבון נוזלי פנינה ורוד 1ל</ItemName>
      <ManufacturerName>סאסא קוסמטיקס</ManufacturerName>
      <ManufactureCountry>IL</ManufactureCountry>
      <ManufacturerItemDescription>סבון נוזלי ורוד</ManufacturerItemDescription>
      <UnitQty>ליטרים</UnitQty>
      <Quantity>1.00</Quantity>
      <bIsWeighted>0</bIsWeighted>
      <UnitOfMeasure>ליטר</UnitOfMeasure>
      <QtyInPackage>0</QtyInPackage>
      <ItemPrice>7.90</ItemPrice>
      <UnitOfMeasurePrice>7.90</UnitOfMeasurePrice>
      <AllowDiscount>1</AllowDiscount>
      <ItemStatus>1</ItemStatus>
    </Item>
    <Item>
      <PriceUpdateDate>2020-01-20 00:09</PriceUpdateDate>
      <ItemCode>7290006229427</ItemCode>
      <ItemType>1</ItemType>
      <ItemName>סאן בנדטו 6 יח'</ItemName>
      <ManufacturerName />
      <ManufactureCountry>IT</ManufactureCountry>
      <ManufacturerItemDescription>סאן בנדטו 6 יח'</ManufacturerItemDescription>
      <UnitQty>ליטרים</UnitQty>
      <Quantity>3.00</Quantity>
      <bIsWeighted>0</bIsWeighted>
      <UnitOfMeasure>ליטר</UnitOfMeasure>
      <QtyInPackage>0</QtyInPackage>
      <ItemPrice>16.50</ItemPrice>
      <UnitOfMeasurePrice>5.50</UnitOfMeasurePrice>
      <AllowDiscount>1</AllowDiscount>
      <ItemStatus>1</ItemStatus>
    </Item>
    <Item>
      <PriceUpdateDate>2020-10-10 21:00</PriceUpdateDate>
      <ItemCode>7290006712684</ItemCode>
      <ItemType>1</ItemType>
      <ItemName>דאו.ספיד סטיק-24/7- כחול</ItemName>
      <ManufacturerName>קולגייט פלמוליב</ManufacturerName>
      <ManufactureCountry>US</ManufactureCountry>
      <ManufacturerItemDescription>דאודורנט</ManufacturerItemDescription>
      <UnitQty>גרמים</UnitQty>
      <Quantity>50.00</Quantity>
      <bIsWeighted>0</bIsWeighted>
      <UnitOfMeasure>100 גרם</UnitOfMeasure>
      <QtyInPackage>0</QtyInPackage>
      <ItemPrice>17.90</ItemPrice>
      <UnitOfMeasurePrice>35.80</UnitOfMeasurePrice>
      <AllowDiscount>1</AllowDiscount>
      <ItemStatus>1</ItemStatus>
    </Item>
    <Item>
      <PriceUpdateDate>2020-09-06 10:57</PriceUpdateDate>
      <ItemCode>7290006764768</ItemCode>
      <ItemType>1</ItemType>
      <ItemName>מירינדה בטעם תפוז אוכמני</ItemName>
      <ManufacturerName>טמפו משקאות בע"\מ</ManufacturerName>
      <ManufactureCountry>IL</ManufactureCountry>
      <ManufacturerItemDescription>מירינדה תפוז אוכ</ManufacturerItemDescription>
      <UnitQty>ליטרים</UnitQty>
      <Quantity>0.50</Quantity>
      <bIsWeighted>0</bIsWeighted>
      <UnitOfMeasure>ליטר</UnitOfMeasure>
      <QtyInPackage>1</QtyInPackage>
      <ItemPrice>4.70</ItemPrice>
      <UnitOfMeasurePrice>9.40</UnitOfMeasurePrice>
      <AllowDiscount>1</AllowDiscount>
      <ItemStatus>1</ItemStatus>
    </Item>
    <Item>
      <PriceUpdateDate>2020-09-06 10:57</PriceUpdateDate>
      <ItemCode>7290006764782</ItemCode>
      <ItemType>1</ItemType>
      <ItemName>מירינדה בטעם ענבים מלון</ItemName>
      <ManufacturerName>טמפו משקאות בע"\מ</ManufacturerName>
      <ManufactureCountry>IL</ManufactureCountry>
      <ManufacturerItemDescription>מירינדה בטעם ענב</ManufacturerItemDescription>
      <UnitQty>ליטרים</UnitQty>
      <Quantity>0.50</Quantity>
      <bIsWeighted>0</bIsWeighted>
      <UnitOfMeasure>ליטר</UnitOfMeasure>
      <QtyInPackage>1</QtyInPackage>
      <ItemPrice>4.70</ItemPrice>
      <UnitOfMeasurePrice>9.40</UnitOfMeasurePrice>
      <AllowDiscount>1</AllowDiscount>
      <ItemStatus>1</ItemStatus>
    </Item>
    <Item>
      <PriceUpdateDate>2020-01-20 00:21</PriceUpdateDate>
      <ItemCode>7290006784360</ItemCode>
      <ItemType>1</ItemType>
      <ItemName>מרסס חלונית ס.מוריץ1ליטר</ItemName>
      <ManufacturerName>קומפלקס כימיקלים</ManufacturerName>
      <ManufactureCountry>IL</ManufactureCountry>
      <ManufacturerItemDescription>מרסס חלונית</ManufacturerItemDescription>
      <UnitQty>ליטרים</UnitQty>
      <Quantity>1.00</Quantity>
      <bIsWeighted>0</bIsWeighted>
      <UnitOfMeasure>ליטר</UnitOfMeasure>
      <QtyInPackage>0</QtyInPackage>
      <ItemPrice>7.90</ItemPrice>
      <UnitOfMeasurePrice>7.90</UnitOfMeasurePrice>
      <AllowDiscount>1</AllowDiscount>
      <ItemStatus>1</ItemStatus>
    </Item>
    <Item>
      <PriceUpdateDate>2020-05-06 16:13</PriceUpdateDate>
      <ItemCode>7290006784926</ItemCode>
      <ItemType>1</ItemType>
      <ItemName>אקונומיקה 2 ליטר</ItemName>
      <ManufacturerName>קומפלקס כימיקלים</ManufacturerName>
      <ManufactureCountry>IL</ManufactureCountry>
      <ManufacturerItemDescription>אקונומיקה 2 ליטר</ManufacturerItemDescription>
      <UnitQty>ליטרים</UnitQty>
      <Quantity>2.00</Quantity>
      <bIsWeighted>0</bIsWeighted>
      <UnitOfMeasure>ליטר</UnitOfMeasure>
      <QtyInPackage>1</QtyInPackage>
      <ItemPrice>8.90</ItemPrice>
      <UnitOfMeasurePrice>4.45</UnitOfMeasurePrice>
      <AllowDiscount>1</AllowDiscount>
      <ItemStatus>1</ItemStatus>
    </Item>
    <Item>
      <PriceUpdateDate>2020-01-20 00:14</PriceUpdateDate>
      <ItemCode>7290006788009</ItemCode>
      <ItemType>1</ItemType>
      <ItemName>שמפו "10" לשיער רגיל700מ</ItemName>
      <ManufacturerName>קרליין</ManufacturerName>
      <ManufactureCountry>IL</ManufactureCountry>
      <ManufacturerItemDescription>שמפו 10 לשיער</ManufacturerItemDescription>
      <UnitQty>מיליליטרים</UnitQty>
      <Quantity>700.00</Quantity>
      <bIsWeighted>0</bIsWeighted>
      <UnitOfMeasure>100 מ"ל</UnitOfMeasure>
      <QtyInPackage>0</QtyInPackage>
      <ItemPrice>11.50</ItemPrice>
      <UnitOfMeasurePrice>1.64</UnitOfMeasurePrice>
      <AllowDiscount>1</AllowDiscount>
      <ItemStatus>1</ItemStatus>
    </Item>
    <Item>
      <PriceUpdateDate>2020-01-20 00:14</PriceUpdateDate>
      <ItemCode>7290006788061</ItemCode>
      <ItemType>1</ItemType>
      <ItemName>מרכך "10" לשיער רגיל700מ</ItemName>
      <ManufacturerName>קרליין</ManufacturerName>
      <ManufactureCountry>IL</ManufactureCountry>
      <ManufacturerItemDescription>מרכך קרליין</ManufacturerItemDescription>
      <UnitQty>מיליליטרים</UnitQty>
      <Quantity>700.00</Quantity>
      <bIsWeighted>0</bIsWeighted>
      <UnitOfMeasure>100 מ"ל</UnitOfMeasure>
      <QtyInPackage>0</QtyInPackage>
      <ItemPrice>11.50</ItemPrice>
      <UnitOfMeasurePrice>1.64</UnitOfMeasurePrice>
      <AllowDiscount>1</AllowDiscount>
      <ItemStatus>1</ItemStatus>
    </Item>
    <Item>
      <PriceUpdateDate>2020-10-10 20:20</PriceUpdateDate>
      <ItemCode>7290006788375</ItemCode>
      <ItemType>1</ItemType>
      <ItemName>דאו.קרליין סטיק PURE 50</ItemName>
      <ManufacturerName>קרליין</ManufacturerName>
      <ManufactureCountry>IL</ManufactureCountry>
      <ManufacturerItemDescription>דאודורנט קרליין</ManufacturerItemDescription>
      <UnitQty>מיליליטרים</UnitQty>
      <Quantity>50.00</Quantity>
      <bIsWeighted>0</bIsWeighted>
      <UnitOfMeasure>100 מ"ל</UnitOfMeasure>
      <QtyInPackage>0</QtyInPackage>
      <ItemPrice>15.90</ItemPrice>
      <UnitOfMeasurePrice>31.80</UnitOfMeasurePrice>
      <AllowDiscount>1</AllowDiscount>
      <ItemStatus>1</ItemStatus>
    </Item>
    <Item>
      <PriceUpdateDate>2020-10-10 20:20</PriceUpdateDate>
      <ItemCode>7290006788399</ItemCode>
      <ItemType>1</ItemType>
      <ItemName>דאו.קרליין רולאון נושם75</ItemName>
      <ManufacturerName>אמיליה קוסמטיקס בעמ</ManufacturerName>
      <ManufactureCountry>IL</ManufactureCountry>
      <ManufacturerItemDescription>דאודורנט קרליין</ManufacturerItemDescription>
      <UnitQty>מיליליטרים</UnitQty>
      <Quantity>75.00</Quantity>
      <bIsWeighted>0</bIsWeighted>
      <UnitOfMeasure>100 מ"ל</UnitOfMeasure>
      <QtyInPackage>0</QtyInPackage>
      <ItemPrice>11.90</ItemPrice>
      <UnitOfMeasurePrice>15.86</UnitOfMeasurePrice>
      <AllowDiscount>1</AllowDiscount>
      <ItemStatus>1</ItemStatus>
    </Item>
    <Item>
      <PriceUpdateDate>2020-10-10 20:20</PriceUpdateDate>
      <ItemCode>7290006788412</ItemCode>
      <ItemType>1</ItemType>
      <ItemName>דאו.קרליין רולאון כחול75</ItemName>
      <ManufacturerName>קרליין</ManufacturerName>
      <ManufactureCountry>IL</ManufactureCountry>
      <ManufacturerItemDescription>דאודורנט קרליין</ManufacturerItemDescription>
      <UnitQty>מיליליטרים</UnitQty>
      <Quantity>75.00</Quantity>
      <bIsWeighted>0</bIsWeighted>
      <UnitOfMeasure>100 מ"ל</UnitOfMeasure>
      <QtyInPackage>0</QtyInPackage>
      <ItemPrice>11.90</ItemPrice>
      <UnitOfMeasurePrice>15.86</UnitOfMeasurePrice>
      <AllowDiscount>1</AllowDiscount>
      <ItemStatus>1</ItemStatus>
    </Item>
    <Item>
      <PriceUpdateDate>2020-10-10 20:20</PriceUpdateDate>
      <ItemCode>7290006788429</ItemCode>
      <ItemType>1</ItemType>
      <ItemName>דאו.קרליין רולאון כתום75</ItemName>
      <ManufacturerName>אמיליה קוסמטיקס בעמ</ManufacturerName>
      <ManufactureCountry>IL</ManufactureCountry>
      <ManufacturerItemDescription>דאודורנט קרליין</ManufacturerItemDescription>
      <UnitQty>מיליליטרים</UnitQty>
      <Quantity>75.00</Quantity>
      <bIsWeighted>0</bIsWeighted>
      <UnitOfMeasure>100 מ"ל</UnitOfMeasure>
      <QtyInPackage>0</QtyInPackage>
      <ItemPrice>11.90</ItemPrice>
      <UnitOfMeasurePrice>15.86</UnitOfMeasurePrice>
      <AllowDiscount>1</AllowDiscount>
      <ItemStatus>1</ItemStatus>
    </Item>
    <Item>
      <PriceUpdateDate>2020-10-10 20:20</PriceUpdateDate>
      <ItemCode>7290006788436</ItemCode>
      <ItemType>1</ItemType>
      <ItemName>דאו.קרליין רולאון ורוד75</ItemName>
      <ManufacturerName>קרליין</ManufacturerName>
      <ManufactureCountry>IL</ManufactureCountry>
      <ManufacturerItemDescription>דאודורנט קרליין</ManufacturerItemDescription>
      <UnitQty>מיליליטרים</UnitQty>
      <Quantity>75.00</Quantity>
      <bIsWeighted>0</bIsWeighted>
      <UnitOfMeasure>100 מ"ל</UnitOfMeasure>
      <QtyInPackage>0</QtyInPackage>
      <ItemPrice>11.90</ItemPrice>
      <UnitOfMeasurePrice>15.86</UnitOfMeasurePrice>
      <AllowDiscount>1</AllowDiscount>
      <ItemStatus>1</ItemStatus>
    </Item>
    <Item>
      <PriceUpdateDate>2020-10-10 20:20</PriceUpdateDate>
      <ItemCode>7290006788443</ItemCode>
      <ItemType>1</ItemType>
      <ItemName>דאו.קרליין רולאון סגול75</ItemName>
      <ManufacturerName>אמיליה קוסמטיקס בעמ</ManufacturerName>
      <ManufactureCountry>IL</ManufactureCountry>
      <ManufacturerItemDescription>דאודורנט קרליין</ManufacturerItemDescription>
      <UnitQty>מיליליטרים</UnitQty>
      <Quantity>75.00</Quantity>
      <bIsWeighted>0</bIsWeighted>
      <UnitOfMeasure>100 מ"ל</UnitOfMeasure>
      <QtyInPackage>0</QtyInPackage>
      <ItemPrice>11.90</ItemPrice>
      <UnitOfMeasurePrice>15.86</UnitOfMeasurePrice>
      <AllowDiscount>1</AllowDiscount>
      <ItemStatus>1</ItemStatus>
    </Item>
    <Item>
      <PriceUpdateDate>2020-10-10 20:20</PriceUpdateDate>
      <ItemCode>7290006788467</ItemCode>
      <ItemType>1</ItemType>
      <ItemName>דאו.קרליין ספרי אקטיב200</ItemName>
      <ManufacturerName>קרליין</ManufacturerName>
      <ManufactureCountry>IL</ManufactureCountry>
      <ManufacturerItemDescription>דאודורנט קרליין</ManufacturerItemDescription>
      <UnitQty>מיליליטרים</UnitQty>
      <Quantity>200.00</Quantity>
      <bIsWeighted>0</bIsWeighted>
      <UnitOfMeasure>100 מ"ל</UnitOfMeasure>
      <QtyInPackage>0</QtyInPackage>
      <ItemPrice>11.90</ItemPrice>
      <UnitOfMeasurePrice>5.95</UnitOfMeasurePrice>
      <AllowDiscount>1</AllowDiscount>
      <ItemStatus>1</ItemStatus>
    </Item>
    <Item>
      <PriceUpdateDate>2020-10-10 20:20</PriceUpdateDate>
      <ItemCode>7290006788481</ItemCode>
      <ItemType>1</ItemType>
      <ItemName>דאו.קרליין 200SUNRISE</ItemName>
      <ManufacturerName>קרליין</ManufacturerName>
      <ManufactureCountry>IL</ManufactureCountry>
      <ManufacturerItemDescription>דאודורנט קרליין</ManufacturerItemDescription>
      <UnitQty>מיליליטרים</UnitQty>
      <Quantity>200.00</Quantity>
      <bIsWeighted>0</bIsWeighted>
      <UnitOfMeasure>100 מ"ל</UnitOfMeasure>
      <QtyInPackage>0</QtyInPackage>
      <ItemPrice>11.90</ItemPrice>
      <UnitOfMeasurePrice>5.95</UnitOfMeasurePrice>
      <AllowDiscount>1</AllowDiscount>
      <ItemStatus>1</ItemStatus>
    </Item>
    <Item>
      <PriceUpdateDate>2020-10-10 20:20</PriceUpdateDate>
      <ItemCode>7290006788504</ItemCode>
      <ItemType>1</ItemType>
      <ItemName>דאו.קרליין ספריי סגול200</ItemName>
      <ManufacturerName>קרליין</ManufacturerName>
      <ManufactureCountry>IL</ManufactureCountry>
      <ManufacturerItemDescription>דאודורנט קרליין</ManufacturerItemDescription>
      <UnitQty>מיליליטרים</UnitQty>
      <Quantity>200.00</Quantity>
      <bIsWeighted>0</bIsWeighted>
      <UnitOfMeasure>100 מ"ל</UnitOfMeasure>
      <QtyInPackage>0</QtyInPackage>
      <ItemPrice>11.90</ItemPrice>
      <UnitOfMeasurePrice>5.95</UnitOfMeasurePrice>
      <AllowDiscount>1</AllowDiscount>
      <ItemStatus>1</ItemStatus>
    </Item>
    <Item>
      <PriceUpdateDate>2020-01-20 00:14</PriceUpdateDate>
      <ItemCode>7290006789631</ItemCode>
      <ItemType>1</ItemType>
      <ItemName>קרם "10" שיער רגיל400מ"ל</ItemName>
      <ManufacturerName>קרליין</ManufacturerName>
      <ManufactureCountry>IL</ManufactureCountry>
      <ManufacturerItemDescription>קרם לחות לשיער</ManufacturerItemDescription>
      <UnitQty>מיליליטרים</UnitQty>
      <Quantity>400.00</Quantity>
      <bIsWeighted>0</bIsWeighted>
      <UnitOfMeasure>100 מ"ל</UnitOfMeasure>
      <QtyInPackage>0</QtyInPackage>
      <ItemPrice>20.90</ItemPrice>
      <UnitOfMeasurePrice>5.23</UnitOfMeasurePrice>
      <AllowDiscount>1</AllowDiscount>
      <ItemStatus>1</ItemStatus>
    </Item>
    <Item>
      <PriceUpdateDate>2020-01-20 00:14</PriceUpdateDate>
      <ItemCode>7290006789648</ItemCode>
      <ItemType>1</ItemType>
      <ItemName>קרם "10" לשיער יבש 400מל</ItemName>
      <ManufacturerName>קרליין</ManufacturerName>
      <ManufactureCountry>IL</ManufactureCountry>
      <ManufacturerItemDescription>קרם לחות לשיער</ManufacturerItemDescription>
      <UnitQty>מיליליטרים</UnitQty>
      <Quantity>400.00</Quantity>
      <bIsWeighted>0</bIsWeighted>
      <UnitOfMeasure>100 מ"ל</UnitOfMeasure>
      <QtyInPackage>0</QtyInPackage>
      <ItemPrice>20.90</ItemPrice>
      <UnitOfMeasurePrice>5.23</UnitOfMeasurePrice>
      <AllowDiscount>1</AllowDiscount>
      <ItemStatus>1</ItemStatus>
    </Item>
    <Item>
      <PriceUpdateDate>2020-02-02 12:38</PriceUpdateDate>
      <ItemCode>7290006789914</ItemCode>
      <ItemType>1</ItemType>
      <ItemName>FREE OIL מי פנים</ItemName>
      <ManufacturerName>קרליין</ManufacturerName>
      <ManufactureCountry>IL</ManufactureCountry>
      <ManufacturerItemDescription>FREE OIL מי פנים</ManufacturerItemDescription>
      <UnitQty>מיליליטרים</UnitQty>
      <Quantity>200.00</Quantity>
      <bIsWeighted>0</bIsWeighted>
      <UnitOfMeasure>100 מ"ל</UnitOfMeasure>
      <QtyInPackage>0</QtyInPackage>
      <ItemPrice>39.90</ItemPrice>
      <UnitOfMeasurePrice>19.95</UnitOfMeasurePrice>
      <AllowDiscount>1</AllowDiscount>
      <ItemStatus>1</ItemStatus>
    </Item>
    <Item>
      <PriceUpdateDate>2020-10-10 20:20</PriceUpdateDate>
      <ItemCode>7290006791467</ItemCode>
      <ItemType>1</ItemType>
      <ItemName>סרום להגמשת תלתלים 145מל</ItemName>
      <ManufacturerName>קרליין</ManufacturerName>
      <ManufactureCountry>IL</ManufactureCountry>
      <ManufacturerItemDescription>סרום לתלתלים</ManufacturerItemDescription>
      <UnitQty>מיליליטרים</UnitQty>
      <Quantity>145.00</Quantity>
      <bIsWeighted>0</bIsWeighted>
      <UnitOfMeasure>100 מ"ל</UnitOfMeasure>
      <QtyInPackage>0</QtyInPackage>
      <ItemPrice>31.90</ItemPrice>
      <UnitOfMeasurePrice>22.00</UnitOfMeasurePrice>
      <AllowDiscount>1</AllowDiscount>
      <ItemStatus>1</ItemStatus>
    </Item>
    <Item>
      <PriceUpdateDate>2020-05-06 16:13</PriceUpdateDate>
      <ItemCode>7290006791870</ItemCode>
      <ItemType>1</ItemType>
      <ItemName>ג'ל שיער לעיצוב חזק500מל</ItemName>
      <ManufacturerName>קרליין</ManufacturerName>
      <ManufactureCountry>IL</ManufactureCountry>
      <ManufacturerItemDescription>ג'ל לעיצוב שיער</ManufacturerItemDescription>
      <UnitQty>מיליליטרים</UnitQty>
      <Quantity>500.00</Quantity>
      <bIsWeighted>0</bIsWeighted>
      <UnitOfMeasure>100 מ"ל</UnitOfMeasure>
      <QtyInPackage>0</QtyInPackage>
      <ItemPrice>24.90</ItemPrice>
      <UnitOfMeasurePrice>4.98</UnitOfMeasurePrice>
      <AllowDiscount>1</AllowDiscount>
      <ItemStatus>1</ItemStatus>
    </Item>
    <Item>
      <PriceUpdateDate>2020-01-20 00:21</PriceUpdateDate>
      <ItemCode>7290006992161</ItemCode>
      <ItemType>1</ItemType>
      <ItemName>דייסת קורנפלור 200 גרם</ItemName>
      <ManufacturerName>מטרנה תעשיות ש.מ</ManufacturerName>
      <ManufactureCountry>IL</ManufactureCountry>
      <ManufacturerItemDescription>דייסת מטרנה</ManufacturerItemDescription>
      <UnitQty>גרמים</UnitQty>
      <Quantity>200.00</Quantity>
      <bIsWeighted>0</bIsWeighted>
      <UnitOfMeasure>100 גרם</UnitOfMeasure>
      <QtyInPackage>0</QtyInPackage>
      <ItemPrice>14.50</ItemPrice>
      <UnitOfMeasurePrice>7.25</UnitOfMeasurePrice>
      <AllowDiscount>1</AllowDiscount>
      <ItemStatus>1</ItemStatus>
    </Item>
    <Item>
      <PriceUpdateDate>2020-01-20 00:21</PriceUpdateDate>
      <ItemCode>7290006992185</ItemCode>
      <ItemType>1</ItemType>
      <ItemName>דייסת אורז מטרנה 200 גרם</ItemName>
      <ManufacturerName>מטרנה תעשיות ש.מ</ManufacturerName>
      <ManufactureCountry>IL</ManufactureCountry>
      <ManufacturerItemDescription>דייסת אורז</ManufacturerItemDescription>
      <UnitQty>גרמים</UnitQty>
      <Quantity>200.00</Quantity>
      <bIsWeighted>0</bIsWeighted>
      <UnitOfMeasure>100 גרם</UnitOfMeasure>
      <QtyInPackage>0</QtyInPackage>
      <ItemPrice>14.50</ItemPrice>
      <UnitOfMeasurePrice>7.25</UnitOfMeasurePrice>
      <AllowDiscount>1</AllowDiscount>
      <ItemStatus>1</ItemStatus>
    </Item>
    <Item>
      <PriceUpdateDate>2020-01-20 00:21</PriceUpdateDate>
      <ItemCode>7290006992192</ItemCode>
      <ItemType>1</ItemType>
      <ItemName>דייסת סולת 200 גרם</ItemName>
      <ManufacturerName>מטרנה תעשיות ש.מ</ManufacturerName>
      <ManufactureCountry>IL</ManufactureCountry>
      <ManufacturerItemDescription>דייסת סולת מטרנה</ManufacturerItemDescription>
      <UnitQty>גרמים</UnitQty>
      <Quantity>200.00</Quantity>
      <bIsWeighted>0</bIsWeighted>
      <UnitOfMeasure>100 גרם</UnitOfMeasure>
      <QtyInPackage>0</QtyInPackage>
      <ItemPrice>14.50</ItemPrice>
      <UnitOfMeasurePrice>7.25</UnitOfMeasurePrice>
      <AllowDiscount>1</AllowDiscount>
      <ItemStatus>1</ItemStatus>
    </Item>
    <Item>
      <PriceUpdateDate>2020-01-20 00:21</PriceUpdateDate>
      <ItemCode>7290006992208</ItemCode>
      <ItemType>1</ItemType>
      <ItemName>דייסת מטרנה 8 דגנים 200ג</ItemName>
      <ManufacturerName>מטרנה תעשיות ש.מ</ManufacturerName>
      <ManufactureCountry>IL</ManufactureCountry>
      <ManufacturerItemDescription>דייסת מטרנה</ManufacturerItemDescription>
      <UnitQty>גרמים</UnitQty>
      <Quantity>200.00</Quantity>
      <bIsWeighted>0</bIsWeighted>
      <UnitOfMeasure>100 גרם</UnitOfMeasure>
      <QtyInPackage>0</QtyInPackage>
      <ItemPrice>14.50</ItemPrice>
      <UnitOfMeasurePrice>7.25</UnitOfMeasurePrice>
      <AllowDiscount>1</AllowDiscount>
      <ItemStatus>1</ItemStatus>
    </Item>
    <Item>
      <PriceUpdateDate>2020-01-20 00:21</PriceUpdateDate>
      <ItemCode>7290006992390</ItemCode>
      <ItemType>1</ItemType>
      <ItemName>דייסת וניל מטרנה 200 גרם</ItemName>
      <ManufacturerName>מטרנה תעשיות ש.מ</ManufacturerName>
      <ManufactureCountry>IL</ManufactureCountry>
      <ManufacturerItemDescription>דייסת וניל מטרנה</ManufacturerItemDescription>
      <UnitQty>גרמים</UnitQty>
      <Quantity>200.00</Quantity>
      <bIsWeighted>0</bIsWeighted>
      <UnitOfMeasure>100 גרם</UnitOfMeasure>
      <QtyInPackage>0</QtyInPackage>
      <ItemPrice>14.50</ItemPrice>
      <UnitOfMeasurePrice>7.25</UnitOfMeasurePrice>
      <AllowDiscount>1</AllowDiscount>
      <ItemStatus>1</ItemStatus>
    </Item>
    <Item>
      <PriceUpdateDate>2020-10-10 21:00</PriceUpdateDate>
      <ItemCode>7290008000246</ItemCode>
      <ItemType>1</ItemType>
      <ItemName>פמינה + אלוורה 220 מ"ל</ItemName>
      <ManufacturerName>(SALA  (CTS</ManufacturerName>
      <ManufactureCountry>IL</ManufactureCountry>
      <ManufacturerItemDescription>שטיפה + אלוורה</ManufacturerItemDescription>
      <UnitQty>מיליליטרים</UnitQty>
      <Quantity>220.00</Quantity>
      <bIsWeighted>0</bIsWeighted>
      <UnitOfMeasure>100 מ"ל</UnitOfMeasure>
      <QtyInPackage>0</QtyInPackage>
      <ItemPrice>19.90</ItemPrice>
      <UnitOfMeasurePrice>9.04</UnitOfMeasurePrice>
      <AllowDiscount>1</AllowDiscount>
      <ItemStatus>1</ItemStatus>
    </Item>
    <Item>
      <PriceUpdateDate>2020-01-20 00:14</PriceUpdateDate>
      <ItemCode>7290008000796</ItemCode>
      <ItemType>1</ItemType>
      <ItemName>משחת שיניים סופרמן 50מ"ל</ItemName>
      <ManufacturerName>(SALA  (CTS</ManufacturerName>
      <ManufactureCountry>IL</ManufactureCountry>
      <ManufacturerItemDescription>משחת שיניים</ManufacturerItemDescription>
      <UnitQty>מיליליטרים</UnitQty>
      <Quantity>50.00</Quantity>
      <bIsWeighted>0</bIsWeighted>
      <UnitOfMeasure>100 מ"ל</UnitOfMeasure>
      <QtyInPackage>0</QtyInPackage>
      <ItemPrice>10.90</ItemPrice>
      <UnitOfMeasurePrice>21.80</UnitOfMeasurePrice>
      <AllowDiscount>1</AllowDiscount>
      <ItemStatus>1</ItemStatus>
    </Item>
    <Item>
      <PriceUpdateDate>2020-01-20 00:14</PriceUpdateDate>
      <ItemCode>7290008000826</ItemCode>
      <ItemType>1</ItemType>
      <ItemName>משחת שיניים ברבי 50 מ"ל</ItemName>
      <ManufacturerName>(SALA  (CTS</ManufacturerName>
      <ManufactureCountry>IL</ManufactureCountry>
      <ManufacturerItemDescription>משחת שיניים ברבי</ManufacturerItemDescription>
      <UnitQty>מיליליטרים</UnitQty>
      <Quantity>50.00</Quantity>
      <bIsWeighted>0</bIsWeighted>
      <UnitOfMeasure>100 מ"ל</UnitOfMeasure>
      <QtyInPackage>0</QtyInPackage>
      <ItemPrice>10.90</ItemPrice>
      <UnitOfMeasurePrice>21.80</UnitOfMeasurePrice>
      <AllowDiscount>1</AllowDiscount>
      <ItemStatus>1</ItemStatus>
    </Item>
    <Item>
      <PriceUpdateDate>2020-01-20 00:21</PriceUpdateDate>
      <ItemCode>7290008068512</ItemCode>
      <ItemType>1</ItemType>
      <ItemName>בייבי פסטה קמומיל 100ג</ItemName>
      <ManufacturerName>בייבי פסטה</ManufacturerName>
      <ManufactureCountry>IL</ManufactureCountry>
      <ManufacturerItemDescription>בייבי פסטה</ManufacturerItemDescription>
      <UnitQty>גרמים</UnitQty>
      <Quantity>100.00</Quantity>
      <bIsWeighted>0</bIsWeighted>
      <UnitOfMeasure>100 גרם</UnitOfMeasure>
      <QtyInPackage>0</QtyInPackage>
      <ItemPrice>21.90</ItemPrice>
      <UnitOfMeasurePrice>21.90</UnitOfMeasurePrice>
      <AllowDiscount>1</AllowDiscount>
      <ItemStatus>1</ItemStatus>
    </Item>
    <Item>
      <PriceUpdateDate>2020-01-20 00:21</PriceUpdateDate>
      <ItemCode>7290008084956</ItemCode>
      <ItemType>1</ItemType>
      <ItemName>בייבי פסטה 120 גרם</ItemName>
      <ManufacturerName>בייבי פסטה</ManufacturerName>
      <ManufactureCountry>IL</ManufactureCountry>
      <ManufacturerItemDescription>בייבי פסטה</ManufacturerItemDescription>
      <UnitQty>גרמים</UnitQty>
      <Quantity>120.00</Quantity>
      <bIsWeighted>0</bIsWeighted>
      <UnitOfMeasure>100 גרם</UnitOfMeasure>
      <QtyInPackage>0</QtyInPackage>
      <ItemPrice>15.90</ItemPrice>
      <UnitOfMeasurePrice>13.25</UnitOfMeasurePrice>
      <AllowDiscount>1</AllowDiscount>
      <ItemStatus>1</ItemStatus>
    </Item>
    <Item>
      <PriceUpdateDate>2020-10-10 21:00</PriceUpdateDate>
      <ItemCode>7290008104050</ItemCode>
      <ItemType>1</ItemType>
      <ItemName>תחליב רחצה קלאסיק220מל</ItemName>
      <ManufacturerName>כצט</ManufacturerName>
      <ManufactureCountry>IL</ManufactureCountry>
      <ManufacturerItemDescription>תחליב פמינה</ManufacturerItemDescription>
      <UnitQty>מיליליטרים</UnitQty>
      <Quantity>220.00</Quantity>
      <bIsWeighted>0</bIsWeighted>
      <UnitOfMeasure>100 מ"ל</UnitOfMeasure>
      <QtyInPackage>0</QtyInPackage>
      <ItemPrice>19.90</ItemPrice>
      <UnitOfMeasurePrice>9.04</UnitOfMeasurePrice>
      <AllowDiscount>1</AllowDiscount>
      <ItemStatus>1</ItemStatus>
    </Item>
    <Item>
      <PriceUpdateDate>2020-10-10 21:00</PriceUpdateDate>
      <ItemCode>7290008116558</ItemCode>
      <ItemType>1</ItemType>
      <ItemName>מי פה ליסטרין פרש 250מ"ל</ItemName>
      <ManufacturerName>ג'\ונסון אנד ג'\ונסון</ManufacturerName>
      <ManufactureCountry>IT</ManufactureCountry>
      <ManufacturerItemDescription>מי פה ליסטרין</ManufacturerItemDescription>
      <UnitQty>מיליליטרים</UnitQty>
      <Quantity>250.00</Quantity>
      <bIsWeighted>0</bIsWeighted>
      <UnitOfMeasure>100 מ"ל</UnitOfMeasure>
      <QtyInPackage>0</QtyInPackage>
      <ItemPrice>13.90</ItemPrice>
      <UnitOfMeasurePrice>5.56</UnitOfMeasurePrice>
      <AllowDiscount>1</AllowDiscount>
      <ItemStatus>1</ItemStatus>
    </Item>
    <Item>
      <PriceUpdateDate>2020-02-21 08:25</PriceUpdateDate>
      <ItemCode>7290008264020</ItemCode>
      <ItemType>1</ItemType>
      <ItemName>פינצטה ישרה מוזהב</ItemName>
      <ManufacturerName>סולינגן</ManufacturerName>
      <ManufactureCountry>IL</ManufactureCountry>
      <ManufacturerItemDescription>פינצטה ישרה מוזה</ManufacturerItemDescription>
      <UnitQty>יחידה</UnitQty>
      <Quantity>1.00</Quantity>
      <bIsWeighted>0</bIsWeighted>
      <UnitOfMeasure>יחידה</UnitOfMeasure>
      <QtyInPackage>0</QtyInPackage>
      <ItemPrice>39.90</ItemPrice>
      <UnitOfMeasurePrice>39.90</UnitOfMeasurePrice>
      <AllowDiscount>1</AllowDiscount>
      <ItemStatus>1</ItemStatus>
    </Item>
    <Item>
      <PriceUpdateDate>2020-02-21 08:25</PriceUpdateDate>
      <ItemCode>7290008264082</ItemCode>
      <ItemType>1</ItemType>
      <ItemName>פינצטה מכופפת אל חלד</ItemName>
      <ManufacturerName>סולינגן</ManufacturerName>
      <ManufactureCountry>IL</ManufactureCountry>
      <ManufacturerItemDescription>פינצטה מכופפת אל</ManufacturerItemDescription>
      <UnitQty>יחידה</UnitQty>
      <Quantity>1.00</Quantity>
      <bIsWeighted>0</bIsWeighted>
      <UnitOfMeasure>יחידה</UnitOfMeasure>
      <QtyInPackage>0</QtyInPackage>
      <ItemPrice>69.90</ItemPrice>
      <UnitOfMeasurePrice>69.90</UnitOfMeasurePrice>
      <AllowDiscount>1</AllowDiscount>
      <ItemStatus>1</ItemStatus>
    </Item>
    <Item>
      <PriceUpdateDate>2020-02-21 08:25</PriceUpdateDate>
      <ItemCode>7290008264105</ItemCode>
      <ItemType>1</ItemType>
      <ItemName>פינצטה אלכסון רחב</ItemName>
      <ManufacturerName>סולינגן</ManufacturerName>
      <ManufactureCountry>IL</ManufactureCountry>
      <ManufacturerItemDescription>פינצטה אלכסון רח</ManufacturerItemDescription>
      <UnitQty>יחידה</UnitQty>
      <Quantity>1.00</Quantity>
      <bIsWeighted>0</bIsWeighted>
      <UnitOfMeasure>יחידה</UnitOfMeasure>
      <QtyInPackage>0</QtyInPackage>
      <ItemPrice>69.90</ItemPrice>
      <UnitOfMeasurePrice>69.90</UnitOfMeasurePrice>
      <AllowDiscount>1</AllowDiscount>
      <ItemStatus>1</ItemStatus>
    </Item>
    <Item>
      <PriceUpdateDate>2020-01-20 00:13</PriceUpdateDate>
      <ItemCode>7290008264136</ItemCode>
      <ItemType>1</ItemType>
      <ItemName>פצירה 13 ס'מ</ItemName>
      <ManufacturerName>סולינגן</ManufacturerName>
      <ManufactureCountry>IL</ManufactureCountry>
      <ManufacturerItemDescription>פצירה 13 ס'מ</ManufacturerItemDescription>
      <UnitQty>יחידה</UnitQty>
      <Quantity>1.00</Quantity>
      <bIsWeighted>0</bIsWeighted>
      <UnitOfMeasure>יחידה</UnitOfMeasure>
      <QtyInPackage>0</QtyInPackage>
      <ItemPrice>29.00</ItemPrice>
      <UnitOfMeasurePrice>29.00</UnitOfMeasurePrice>
      <AllowDiscount>1</AllowDiscount>
      <ItemStatus>1</ItemStatus>
    </Item>
    <Item>
      <PriceUpdateDate>2020-02-21 08:25</PriceUpdateDate>
      <ItemCode>7290008264372</ItemCode>
      <ItemType>1</ItemType>
      <ItemName>קוצץ גדול+פלסטיק</ItemName>
      <ManufacturerName>סולינגן</ManufacturerName>
      <ManufactureCountry>IL</ManufactureCountry>
      <ManufacturerItemDescription>קוצץ גדול+פלסטיק</ManufacturerItemDescription>
      <UnitQty>יחידה</UnitQty>
      <Quantity>1.00</Quantity>
      <bIsWeighted>0</bIsWeighted>
      <UnitOfMeasure>יחידה</UnitOfMeasure>
      <QtyInPackage>0</QtyInPackage>
      <ItemPrice>45.90</ItemPrice>
      <UnitOfMeasurePrice>45.90</UnitOfMeasurePrice>
      <AllowDiscount>1</AllowDiscount>
      <ItemStatus>1</ItemStatus>
    </Item>
    <Item>
      <PriceUpdateDate>2020-01-20 00:13</PriceUpdateDate>
      <ItemCode>7290008264402</ItemCode>
      <ItemType>1</ItemType>
      <ItemName>פומפיה רחבה+פצירה</ItemName>
      <ManufacturerName>סולינגן</ManufacturerName>
      <ManufactureCountry>IL</ManufactureCountry>
      <ManufacturerItemDescription>פומפיה רחבה+פציר</ManufacturerItemDescription>
      <UnitQty>יחידה</UnitQty>
      <Quantity>1.00</Quantity>
      <bIsWeighted>0</bIsWeighted>
      <UnitOfMeasure>יחידה</UnitOfMeasure>
      <QtyInPackage>0</QtyInPackage>
      <ItemPrice>40.00</ItemPrice>
      <UnitOfMeasurePrice>40.00</UnitOfMeasurePrice>
      <AllowDiscount>1</AllowDiscount>
      <ItemStatus>1</ItemStatus>
    </Item>
    <Item>
      <PriceUpdateDate>2020-01-20 00:13</PriceUpdateDate>
      <ItemCode>7290008264426</ItemCode>
      <ItemType>1</ItemType>
      <ItemName>מכשיר ליבלות+סכין</ItemName>
      <ManufacturerName>סולינגן</ManufacturerName>
      <ManufactureCountry>IL</ManufactureCountry>
      <ManufacturerItemDescription>מכשיר ליבלות+סכי</ManufacturerItemDescription>
      <UnitQty>יחידה</UnitQty>
      <Quantity>1.00</Quantity>
      <bIsWeighted>0</bIsWeighted>
      <UnitOfMeasure>יחידה</UnitOfMeasure>
      <QtyInPackage>0</QtyInPackage>
      <ItemPrice>40.00</ItemPrice>
      <UnitOfMeasurePrice>40.00</UnitOfMeasurePrice>
      <AllowDiscount>1</AllowDiscount>
      <ItemStatus>1</ItemStatus>
    </Item>
    <Item>
      <PriceUpdateDate>2020-01-20 00:13</PriceUpdateDate>
      <ItemCode>7290008264433</ItemCode>
      <ItemType>1</ItemType>
      <ItemName>20  סכיני פדיקור</ItemName>
      <ManufacturerName>סולינגן</ManufacturerName>
      <ManufactureCountry>IL</ManufactureCountry>
      <ManufacturerItemDescription>20  סכיני פדיקור</ManufacturerItemDescription>
      <UnitQty>יחידה</UnitQty>
      <Quantity>1.00</Quantity>
      <bIsWeighted>0</bIsWeighted>
      <UnitOfMeasure>יחידה</UnitOfMeasure>
      <QtyInPackage>0</QtyInPackage>
      <ItemPrice>38.00</ItemPrice>
      <UnitOfMeasurePrice>38.00</UnitOfMeasurePrice>
      <AllowDiscount>1</AllowDiscount>
      <ItemStatus>1</ItemStatus>
    </Item>
    <Item>
      <PriceUpdateDate>2020-01-20 00:13</PriceUpdateDate>
      <ItemCode>7290008264457</ItemCode>
      <ItemType>1</ItemType>
      <ItemName>אבן לרגל</ItemName>
      <ManufacturerName>סולינגן</ManufacturerName>
      <ManufactureCountry>IL</ManufactureCountry>
      <ManufacturerItemDescription>אבן לרגל</ManufacturerItemDescription>
      <UnitQty>יחידה</UnitQty>
      <Quantity>1.00</Quantity>
      <bIsWeighted>0</bIsWeighted>
      <UnitOfMeasure>יחידה</UnitOfMeasure>
      <QtyInPackage>0</QtyInPackage>
      <ItemPrice>17.00</ItemPrice>
      <UnitOfMeasurePrice>17.00</UnitOfMeasurePrice>
      <AllowDiscount>1</AllowDiscount>
      <ItemStatus>1</ItemStatus>
    </Item>
    <Item>
      <PriceUpdateDate>2020-01-20 00:13</PriceUpdateDate>
      <ItemCode>7290008264488</ItemCode>
      <ItemType>1</ItemType>
      <ItemName>פצירת אקריל 18 ס"מ</ItemName>
      <ManufacturerName>סולינגן</ManufacturerName>
      <ManufactureCountry>IL</ManufactureCountry>
      <ManufacturerItemDescription>פצירת אקריל 18 ס</ManufacturerItemDescription>
      <UnitQty>יחידה</UnitQty>
      <Quantity>1.00</Quantity>
      <bIsWeighted>0</bIsWeighted>
      <UnitOfMeasure>יחידה</UnitOfMeasure>
      <QtyInPackage>0</QtyInPackage>
      <ItemPrice>18.00</ItemPrice>
      <UnitOfMeasurePrice>18.00</UnitOfMeasurePrice>
      <AllowDiscount>1</AllowDiscount>
      <ItemStatus>1</ItemStatus>
    </Item>
    <Item>
      <PriceUpdateDate>2020-01-20 00:14</PriceUpdateDate>
      <ItemCode>7290008264730</ItemCode>
      <ItemType>1</ItemType>
      <ItemName>ספוגית למריחת צלליות 818</ItemName>
      <ManufacturerName>סולינגן</ManufacturerName>
      <ManufactureCountry>IL</ManufactureCountry>
      <ManufacturerItemDescription>ספוגית למריחת צל</ManufacturerItemDescription>
      <UnitQty>יחידה</UnitQty>
      <Quantity>1.00</Quantity>
      <bIsWeighted>0</bIsWeighted>
      <UnitOfMeasure>יחידה</UnitOfMeasure>
      <QtyInPackage>0</QtyInPackage>
      <ItemPrice>17.70</ItemPrice>
      <UnitOfMeasurePrice>17.70</UnitOfMeasurePrice>
      <AllowDiscount>1</AllowDiscount>
      <ItemStatus>1</ItemStatus>
    </Item>
    <Item>
      <PriceUpdateDate>2020-10-10 21:00</PriceUpdateDate>
      <ItemCode>7290008318518</ItemCode>
      <ItemType>1</ItemType>
      <ItemName>דאו.לאבליין ספריי 187מ"ל</ItemName>
      <ManufacturerName>חלאבין</ManufacturerName>
      <ManufactureCountry>IL</ManufactureCountry>
      <ManufacturerItemDescription>דאודורנט לאבליין</ManufacturerItemDescription>
      <UnitQty>מיליליטרים</UnitQty>
      <Quantity>187.00</Quantity>
      <bIsWeighted>0</bIsWeighted>
      <UnitOfMeasure>100 מ"ל</UnitOfMeasure>
      <QtyInPackage>0</QtyInPackage>
      <ItemPrice>17.90</ItemPrice>
      <UnitOfMeasurePrice>9.57</UnitOfMeasurePrice>
      <AllowDiscount>1</AllowDiscount>
      <ItemStatus>1</ItemStatus>
    </Item>
    <Item>
      <PriceUpdateDate>2020-10-10 21:00</PriceUpdateDate>
      <ItemCode>7290008330381</ItemCode>
      <ItemType>1</ItemType>
      <ItemName>בדין 40 דפי מרכך ורוד</ItemName>
      <ManufacturerName>קלינטסט</ManufacturerName>
      <ManufactureCountry>US</ManufactureCountry>
      <ManufacturerItemDescription>בדין דפי מרכך</ManufacturerItemDescription>
      <UnitQty>יחידה</UnitQty>
      <Quantity>1.00</Quantity>
      <bIsWeighted>0</bIsWeighted>
      <UnitOfMeasure>יחידה</UnitOfMeasure>
      <QtyInPackage>0</QtyInPackage>
      <ItemPrice>14.90</ItemPrice>
      <UnitOfMeasurePrice>14.90</UnitOfMeasurePrice>
      <AllowDiscount>1</AllowDiscount>
      <ItemStatus>1</ItemStatus>
    </Item>
    <Item>
      <PriceUpdateDate>2020-10-10 21:00</PriceUpdateDate>
      <ItemCode>7290008330398</ItemCode>
      <ItemType>1</ItemType>
      <ItemName>בדין 40 דפי מרכך כחול</ItemName>
      <ManufacturerName>קלינטסט</ManufacturerName>
      <ManufactureCountry>US</ManufactureCountry>
      <ManufacturerItemDescription>בדין דפי מרכך</ManufacturerItemDescription>
      <UnitQty>יחידה</UnitQty>
      <Quantity>1.00</Quantity>
      <bIsWeighted>0</bIsWeighted>
      <UnitOfMeasure>יחידה</UnitOfMeasure>
      <QtyInPackage>0</QtyInPackage>
      <ItemPrice>14.90</ItemPrice>
      <UnitOfMeasurePrice>14.90</UnitOfMeasurePrice>
      <AllowDiscount>1</AllowDiscount>
      <ItemStatus>1</ItemStatus>
    </Item>
    <Item>
      <PriceUpdateDate>2020-10-10 20:20</PriceUpdateDate>
      <ItemCode>7290008443616</ItemCode>
      <ItemType>1</ItemType>
      <ItemName>מרכך נקה 7 לשיר יבש 750מ</ItemName>
      <ManufacturerName>אמיליה קוסמטיקס בעמ</ManufacturerName>
      <ManufactureCountry>IL</ManufactureCountry>
      <ManufacturerItemDescription>קונדישנר נקה 7</ManufacturerItemDescription>
      <UnitQty>מיליליטרים</UnitQty>
      <Quantity>750.00</Quantity>
      <bIsWeighted>0</bIsWeighted>
      <UnitOfMeasure>100 מ"ל</UnitOfMeasure>
      <QtyInPackage>0</QtyInPackage>
      <ItemPrice>9.90</ItemPrice>
      <UnitOfMeasurePrice>1.32</UnitOfMeasurePrice>
      <AllowDiscount>1</AllowDiscount>
      <ItemStatus>1</ItemStatus>
    </Item>
    <Item>
      <PriceUpdateDate>2020-02-02 12:55</PriceUpdateDate>
      <ItemCode>7290008444606</ItemCode>
      <ItemType>1</ItemType>
      <ItemName>קרליין לוק לק מס' 340</ItemName>
      <ManufacturerName>קרליין</ManufacturerName>
      <ManufactureCountry />
      <ManufacturerItemDescription>לק מס' 340</ManufacturerItemDescription>
      <UnitQty>יחידה</UnitQty>
      <Quantity>1.00</Quantity>
      <bIsWeighted>0</bIsWeighted>
      <UnitOfMeasure>יחידה</UnitOfMeasure>
      <QtyInPackage>0</QtyInPackage>
      <ItemPrice>14.90</ItemPrice>
      <UnitOfMeasurePrice>14.90</UnitOfMeasurePrice>
      <AllowDiscount>1</AllowDiscount>
      <ItemStatus>1</ItemStatus>
    </Item>
    <Item>
      <PriceUpdateDate>2020-02-02 12:55</PriceUpdateDate>
      <ItemCode>7290008444644</ItemCode>
      <ItemType>1</ItemType>
      <ItemName>לק גוון 300</ItemName>
      <ManufacturerName>קרליין</ManufacturerName>
      <ManufactureCountry />
      <ManufacturerItemDescription>לק גוון 300</ManufacturerItemDescription>
      <UnitQty>יחידה</UnitQty>
      <Quantity>1.00</Quantity>
      <bIsWeighted>0</bIsWeighted>
      <UnitOfMeasure>יחידה</UnitOfMeasure>
      <QtyInPackage>0</QtyInPackage>
      <ItemPrice>14.90</ItemPrice>
      <UnitOfMeasurePrice>14.90</UnitOfMeasurePrice>
      <AllowDiscount>1</AllowDiscount>
      <ItemStatus>1</ItemStatus>
    </Item>
    <Item>
      <PriceUpdateDate>2020-02-02 12:55</PriceUpdateDate>
      <ItemCode>7290008444668</ItemCode>
      <ItemType>1</ItemType>
      <ItemName>לק גוון 302</ItemName>
      <ManufacturerName>קרליין</ManufacturerName>
      <ManufactureCountry />
      <ManufacturerItemDescription>לק</ManufacturerItemDescription>
      <UnitQty>יחידה</UnitQty>
      <Quantity>1.00</Quantity>
      <bIsWeighted>0</bIsWeighted>
      <UnitOfMeasure>יחידה</UnitOfMeasure>
      <QtyInPackage>0</QtyInPackage>
      <ItemPrice>14.90</ItemPrice>
      <UnitOfMeasurePrice>14.90</UnitOfMeasurePrice>
      <AllowDiscount>1</AllowDiscount>
      <ItemStatus>1</ItemStatus>
    </Item>
    <Item>
      <PriceUpdateDate>2020-02-02 12:55</PriceUpdateDate>
      <ItemCode>7290008444712</ItemCode>
      <ItemType>1</ItemType>
      <ItemName>לק גוון 307</ItemName>
      <ManufacturerName>קרליין</ManufacturerName>
      <ManufactureCountry />
      <ManufacturerItemDescription>לק גוון 307</ManufacturerItemDescription>
      <UnitQty>יחידה</UnitQty>
      <Quantity>1.00</Quantity>
      <bIsWeighted>0</bIsWeighted>
      <UnitOfMeasure>יחידה</UnitOfMeasure>
      <QtyInPackage>0</QtyInPackage>
      <ItemPrice>14.90</ItemPrice>
      <UnitOfMeasurePrice>14.90</UnitOfMeasurePrice>
      <AllowDiscount>1</AllowDiscount>
      <ItemStatus>1</ItemStatus>
    </Item>
    <Item>
      <PriceUpdateDate>2020-02-02 12:55</PriceUpdateDate>
      <ItemCode>7290008444750</ItemCode>
      <ItemType>1</ItemType>
      <ItemName>לק גוון 311</ItemName>
      <ManufacturerName>קרליין</ManufacturerName>
      <ManufactureCountry />
      <ManufacturerItemDescription>לק גוון 311</ManufacturerItemDescription>
      <UnitQty>יחידה</UnitQty>
      <Quantity>1.00</Quantity>
      <bIsWeighted>0</bIsWeighted>
      <UnitOfMeasure>יחידה</UnitOfMeasure>
      <QtyInPackage>0</QtyInPackage>
      <ItemPrice>14.90</ItemPrice>
      <UnitOfMeasurePrice>14.90</UnitOfMeasurePrice>
      <AllowDiscount>1</AllowDiscount>
      <ItemStatus>1</ItemStatus>
    </Item>
    <Item>
      <PriceUpdateDate>2020-02-02 12:55</PriceUpdateDate>
      <ItemCode>7290008444828</ItemCode>
      <ItemType>1</ItemType>
      <ItemName>לק 395</ItemName>
      <ManufacturerName>קרל.איפור/טיפוח</ManufacturerName>
      <ManufactureCountry>IL</ManufactureCountry>
      <ManufacturerItemDescription>לק 395</ManufacturerItemDescription>
      <UnitQty>יחידה</UnitQty>
      <Quantity>1.00</Quantity>
      <bIsWeighted>0</bIsWeighted>
      <UnitOfMeasure>יחידה</UnitOfMeasure>
      <QtyInPackage>0</QtyInPackage>
      <ItemPrice>14.90</ItemPrice>
      <UnitOfMeasurePrice>14.90</UnitOfMeasurePrice>
      <AllowDiscount>1</AllowDiscount>
      <ItemStatus>1</ItemStatus>
    </Item>
    <Item>
      <PriceUpdateDate>2020-08-05 15:11</PriceUpdateDate>
      <ItemCode>7290008464215</ItemCode>
      <ItemType>1</ItemType>
      <ItemName>פיקסי תות ליים 275 מ"ל</ItemName>
      <ManufacturerName>טמפו משקאות בע"מ</ManufacturerName>
      <ManufactureCountry>IL</ManufactureCountry>
      <ManufacturerItemDescription>פיקסי תות ליים</ManufacturerItemDescription>
      <UnitQty>מיליליטרים</UnitQty>
      <Quantity>275.00</Quantity>
      <bIsWeighted>0</bIsWeighted>
      <UnitOfMeasure>100 מ"ל</UnitOfMeasure>
      <QtyInPackage>1</QtyInPackage>
      <ItemPrice>5.90</ItemPrice>
      <UnitOfMeasurePrice>2.15</UnitOfMeasurePrice>
      <AllowDiscount>1</AllowDiscount>
      <ItemStatus>1</ItemStatus>
    </Item>
    <Item>
      <PriceUpdateDate>2020-01-20 00:09</PriceUpdateDate>
      <ItemCode>7290008464505</ItemCode>
      <ItemType>1</ItemType>
      <ItemName>סאן בנדטו רגיל 0.5 ליטר</ItemName>
      <ManufacturerName>אקווה מינרלה סאן בנדטו ב</ManufacturerName>
      <ManufactureCountry>IT</ManufactureCountry>
      <ManufacturerItemDescription>סאן בנדטו רגיל 0</ManufacturerItemDescription>
      <UnitQty>מיליליטרים</UnitQty>
      <Quantity>500.00</Quantity>
      <bIsWeighted>0</bIsWeighted>
      <UnitOfMeasure>100 מ"ל</UnitOfMeasure>
      <QtyInPackage>0</QtyInPackage>
      <ItemPrice>5.00</ItemPrice>
      <UnitOfMeasurePrice>1.00</UnitOfMeasurePrice>
      <AllowDiscount>1</AllowDiscount>
      <ItemStatus>1</ItemStatus>
    </Item>
    <Item>
      <PriceUpdateDate>2020-01-20 00:09</PriceUpdateDate>
      <ItemCode>7290008464611</ItemCode>
      <ItemType>1</ItemType>
      <ItemName>הסודה של טמפו 275 מ"ל</ItemName>
      <ManufacturerName>טמפו משקאות בעמ</ManufacturerName>
      <ManufactureCountry>IL</ManufactureCountry>
      <ManufacturerItemDescription>הסודה של טמפו</ManufacturerItemDescription>
      <UnitQty>מיליליטרים</UnitQty>
      <Quantity>275.00</Quantity>
      <bIsWeighted>0</bIsWeighted>
      <UnitOfMeasure>100 מ"ל</UnitOfMeasure>
      <QtyInPackage>1</QtyInPackage>
      <ItemPrice>5.00</ItemPrice>
      <UnitOfMeasurePrice>1.82</UnitOfMeasurePrice>
      <AllowDiscount>1</AllowDiscount>
      <ItemStatus>1</ItemStatus>
    </Item>
    <Item>
      <PriceUpdateDate>2020-01-20 00:09</PriceUpdateDate>
      <ItemCode>7290008747424</ItemCode>
      <ItemType>1</ItemType>
      <ItemName>שוקולד במילוי תות 100גרם</ItemName>
      <ManufacturerName>עלית</ManufacturerName>
      <ManufactureCountry>IL</ManufactureCountry>
      <ManufacturerItemDescription>שוקולד במלוי תות</ManufacturerItemDescription>
      <UnitQty>גרמים</UnitQty>
      <Quantity>100.00</Quantity>
      <bIsWeighted>0</bIsWeighted>
      <UnitOfMeasure>100 גרם</UnitOfMeasure>
      <QtyInPackage>0</QtyInPackage>
      <ItemPrice>6.90</ItemPrice>
      <UnitOfMeasurePrice>6.90</UnitOfMeasurePrice>
      <AllowDiscount>1</AllowDiscount>
      <ItemStatus>1</ItemStatus>
    </Item>
    <Item>
      <PriceUpdateDate>2020-01-20 00:09</PriceUpdateDate>
      <ItemCode>7290008747431</ItemCode>
      <ItemType>1</ItemType>
      <ItemName>שוקולד פרה במילוי תות50ג</ItemName>
      <ManufacturerName>עלית</ManufacturerName>
      <ManufactureCountry>IL</ManufactureCountry>
      <ManufacturerItemDescription>שוקולד פרה תות</ManufacturerItemDescription>
      <UnitQty>גרמים</UnitQty>
      <Quantity>50.00</Quantity>
      <bIsWeighted>0</bIsWeighted>
      <UnitOfMeasure>100 גרם</UnitOfMeasure>
      <QtyInPackage>0</QtyInPackage>
      <ItemPrice>4.90</ItemPrice>
      <UnitOfMeasurePrice>9.80</UnitOfMeasurePrice>
      <AllowDiscount>1</AllowDiscount>
      <ItemStatus>1</ItemStatus>
    </Item>
    <Item>
      <PriceUpdateDate>2020-01-20 00:09</PriceUpdateDate>
      <ItemCode>7290008750264</ItemCode>
      <ItemType>1</ItemType>
      <ItemName>מסטיק דובדבן מגדים 28גרם</ItemName>
      <ManufacturerName>עלית</ManufacturerName>
      <ManufactureCountry>IL</ManufactureCountry>
      <ManufacturerItemDescription>מסטיק מאסט</ManufacturerItemDescription>
      <UnitQty>גרמים</UnitQty>
      <Quantity>28.00</Quantity>
      <bIsWeighted>0</bIsWeighted>
      <UnitOfMeasure>100 גרם</UnitOfMeasure>
      <QtyInPackage>0</QtyInPackage>
      <ItemPrice>4.50</ItemPrice>
      <UnitOfMeasurePrice>16.07</UnitOfMeasurePrice>
      <AllowDiscount>1</AllowDiscount>
      <ItemStatus>1</ItemStatus>
    </Item>
    <Item>
      <PriceUpdateDate>2020-02-21 08:25</PriceUpdateDate>
      <ItemCode>7290008893305</ItemCode>
      <ItemType>1</ItemType>
      <ItemName>GOLD עפרון עיניים</ItemName>
      <ManufacturerName>גייד</ManufacturerName>
      <ManufactureCountry>IL</ManufactureCountry>
      <ManufacturerItemDescription>GOLD עפרון עיניי</ManufacturerItemDescription>
      <UnitQty>יחידה</UnitQty>
      <Quantity>1.00</Quantity>
      <bIsWeighted>0</bIsWeighted>
      <UnitOfMeasure>יחידה</UnitOfMeasure>
      <QtyInPackage>0</QtyInPackage>
      <ItemPrice>29.90</ItemPrice>
      <UnitOfMeasurePrice>29.90</UnitOfMeasurePrice>
      <AllowDiscount>1</AllowDiscount>
      <ItemStatus>1</ItemStatus>
    </Item>
    <Item>
      <PriceUpdateDate>2020-01-20 00:13</PriceUpdateDate>
      <ItemCode>7290008894395</ItemCode>
      <ItemType>1</ItemType>
      <ItemName>SUBLIME קרם לילה ממצק</ItemName>
      <ManufacturerName>גייד</ManufacturerName>
      <ManufactureCountry>IL</ManufactureCountry>
      <ManufacturerItemDescription>SUBLIME קרם לילה</ManufacturerItemDescription>
      <UnitQty>מיליליטרים</UnitQty>
      <Quantity>50.00</Quantity>
      <bIsWeighted>0</bIsWeighted>
      <UnitOfMeasure>100 מ"ל</UnitOfMeasure>
      <QtyInPackage>0</QtyInPackage>
      <ItemPrice>98.90</ItemPrice>
      <UnitOfMeasurePrice>197.80</UnitOfMeasurePrice>
      <AllowDiscount>1</AllowDiscount>
      <ItemStatus>1</ItemStatus>
    </Item>
    <Item>
      <PriceUpdateDate>2020-01-20 00:21</PriceUpdateDate>
      <ItemCode>7290010065295</ItemCode>
      <ItemType>1</ItemType>
      <ItemName>פרינוק מחית תפו"ע+בננ130</ItemName>
      <ManufacturerName>פרינוק</ManufacturerName>
      <ManufactureCountry>CZ</ManufactureCountry>
      <ManufacturerItemDescription>פרינוק מחית</ManufacturerItemDescription>
      <UnitQty>גרמים</UnitQty>
      <Quantity>130.00</Quantity>
      <bIsWeighted>0</bIsWeighted>
      <UnitOfMeasure>100 גרם</UnitOfMeasure>
      <QtyInPackage>0</QtyInPackage>
      <ItemPrice>4.70</ItemPrice>
      <UnitOfMeasurePrice>3.62</UnitOfMeasurePrice>
      <AllowDiscount>1</AllowDiscount>
      <ItemStatus>1</ItemStatus>
    </Item>
    <Item>
      <PriceUpdateDate>2020-01-20 00:21</PriceUpdateDate>
      <ItemCode>7290010065301</ItemCode>
      <ItemType>1</ItemType>
      <ItemName>פרינוק מחית סלט פירות130</ItemName>
      <ManufacturerName>פרינוק</ManufacturerName>
      <ManufactureCountry>CZ</ManufactureCountry>
      <ManufacturerItemDescription>פרינוק מחית</ManufacturerItemDescription>
      <UnitQty>גרמים</UnitQty>
      <Quantity>130.00</Quantity>
      <bIsWeighted>0</bIsWeighted>
      <UnitOfMeasure>100 גרם</UnitOfMeasure>
      <QtyInPackage>0</QtyInPackage>
      <ItemPrice>4.70</ItemPrice>
      <UnitOfMeasurePrice>3.62</UnitOfMeasurePrice>
      <AllowDiscount>1</AllowDiscount>
      <ItemStatus>1</ItemStatus>
    </Item>
    <Item>
      <PriceUpdateDate>2020-01-20 00:21</PriceUpdateDate>
      <ItemCode>7290010065318</ItemCode>
      <ItemType>1</ItemType>
      <ItemName>פרינוק ג'וניור תפו"ע190ג</ItemName>
      <ManufacturerName>פרינוק</ManufacturerName>
      <ManufactureCountry>CZ</ManufactureCountry>
      <ManufacturerItemDescription>פרינוק מחית</ManufacturerItemDescription>
      <UnitQty>גרמים</UnitQty>
      <Quantity>130.00</Quantity>
      <bIsWeighted>0</bIsWeighted>
      <UnitOfMeasure>100 גרם</UnitOfMeasure>
      <QtyInPackage>0</QtyInPackage>
      <ItemPrice>5.60</ItemPrice>
      <UnitOfMeasurePrice>4.31</UnitOfMeasurePrice>
      <AllowDiscount>1</AllowDiscount>
      <ItemStatus>1</ItemStatus>
    </Item>
    <Item>
      <PriceUpdateDate>2020-01-20 00:21</PriceUpdateDate>
      <ItemCode>7290010065332</ItemCode>
      <ItemType>1</ItemType>
      <ItemName>פרינוק ג'ונ.תפו"ע+בננ190</ItemName>
      <ManufacturerName>פרינוק</ManufacturerName>
      <ManufactureCountry>CZ</ManufactureCountry>
      <ManufacturerItemDescription>פריניוק ג'וניור</ManufacturerItemDescription>
      <UnitQty>גרמים</UnitQty>
      <Quantity>190.00</Quantity>
      <bIsWeighted>0</bIsWeighted>
      <UnitOfMeasure>100 גרם</UnitOfMeasure>
      <QtyInPackage>0</QtyInPackage>
      <ItemPrice>5.60</ItemPrice>
      <UnitOfMeasurePrice>2.95</UnitOfMeasurePrice>
      <AllowDiscount>1</AllowDiscount>
      <ItemStatus>1</ItemStatus>
    </Item>
    <Item>
      <PriceUpdateDate>2020-01-20 00:21</PriceUpdateDate>
      <ItemCode>7290010065349</ItemCode>
      <ItemType>1</ItemType>
      <ItemName>פרינוק ג'ונ.סלט פירות190</ItemName>
      <ManufacturerName>פרינוק</ManufacturerName>
      <ManufactureCountry>CZ</ManufactureCountry>
      <ManufacturerItemDescription>פריניק ג'וניור</ManufacturerItemDescription>
      <UnitQty>גרמים</UnitQty>
      <Quantity>190.00</Quantity>
      <bIsWeighted>0</bIsWeighted>
      <UnitOfMeasure>100 גרם</UnitOfMeasure>
      <QtyInPackage>0</QtyInPackage>
      <ItemPrice>5.60</ItemPrice>
      <UnitOfMeasurePrice>2.95</UnitOfMeasurePrice>
      <AllowDiscount>1</AllowDiscount>
      <ItemStatus>1</ItemStatus>
    </Item>
    <Item>
      <PriceUpdateDate>2020-01-20 00:21</PriceUpdateDate>
      <ItemCode>7290010065745</ItemCode>
      <ItemType>1</ItemType>
      <ItemName>פרינוק ג'ונ.לפתן פירו190</ItemName>
      <ManufacturerName>פרינוק</ManufacturerName>
      <ManufactureCountry>CZ</ManufactureCountry>
      <ManufacturerItemDescription>פרינוק ג'וניור</ManufacturerItemDescription>
      <UnitQty>גרמים</UnitQty>
      <Quantity>190.00</Quantity>
      <bIsWeighted>0</bIsWeighted>
      <UnitOfMeasure>100 גרם</UnitOfMeasure>
      <QtyInPackage>0</QtyInPackage>
      <ItemPrice>5.60</ItemPrice>
      <UnitOfMeasurePrice>2.95</UnitOfMeasurePrice>
      <AllowDiscount>1</AllowDiscount>
      <ItemStatus>1</ItemStatus>
    </Item>
    <Item>
      <PriceUpdateDate>2020-01-20 00:14</PriceUpdateDate>
      <ItemCode>7290010199891</ItemCode>
      <ItemType>1</ItemType>
      <ItemName>אל סבון סטייל</ItemName>
      <ManufacturerName />
      <ManufactureCountry>TR</ManufactureCountry>
      <ManufacturerItemDescription>אל סבון סטייל</ManufacturerItemDescription>
      <UnitQty>מיליליטרים</UnitQty>
      <Quantity>500.00</Quantity>
      <bIsWeighted>0</bIsWeighted>
      <UnitOfMeasure>100 מ"ל</UnitOfMeasure>
      <QtyInPackage>0</QtyInPackage>
      <ItemPrice>6.50</ItemPrice>
      <UnitOfMeasurePrice>1.30</UnitOfMeasurePrice>
      <AllowDiscount>1</AllowDiscount>
      <ItemStatus>1</ItemStatus>
    </Item>
    <Item>
      <PriceUpdateDate>2020-01-20 00:14</PriceUpdateDate>
      <ItemCode>7290010199907</ItemCode>
      <ItemType>1</ItemType>
      <ItemName>אל סבון סטייל</ItemName>
      <ManufacturerName />
      <ManufactureCountry>TR</ManufactureCountry>
      <ManufacturerItemDescription>אל סבון סטייל</ManufacturerItemDescription>
      <UnitQty>מיליליטרים</UnitQty>
      <Quantity>500.00</Quantity>
      <bIsWeighted>0</bIsWeighted>
      <UnitOfMeasure>100 מ"ל</UnitOfMeasure>
      <QtyInPackage>0</QtyInPackage>
      <ItemPrice>6.50</ItemPrice>
      <UnitOfMeasurePrice>1.30</UnitOfMeasurePrice>
      <AllowDiscount>1</AllowDiscount>
      <ItemStatus>1</ItemStatus>
    </Item>
    <Item>
      <PriceUpdateDate>2020-01-20 00:09</PriceUpdateDate>
      <ItemCode>7290010237531</ItemCode>
      <ItemType>1</ItemType>
      <ItemName>פפסי בקבוק</ItemName>
      <ManufacturerName />
      <ManufactureCountry>IL</ManufactureCountry>
      <ManufacturerItemDescription>פפסי בקבוק</ManufacturerItemDescription>
      <UnitQty>מיליליטרים</UnitQty>
      <Quantity>500.00</Quantity>
      <bIsWeighted>0</bIsWeighted>
      <UnitOfMeasure>100 מ"ל</UnitOfMeasure>
      <QtyInPackage>0</QtyInPackage>
      <ItemPrice>5.00</ItemPrice>
      <UnitOfMeasurePrice>1.00</UnitOfMeasurePrice>
      <AllowDiscount>1</AllowDiscount>
      <ItemStatus>1</ItemStatus>
    </Item>
    <Item>
      <PriceUpdateDate>2020-01-20 00:09</PriceUpdateDate>
      <ItemCode>7290010237548</ItemCode>
      <ItemType>1</ItemType>
      <ItemName>פפסי מקס</ItemName>
      <ManufacturerName />
      <ManufactureCountry>IL</ManufactureCountry>
      <ManufacturerItemDescription>פפסי מקס</ManufacturerItemDescription>
      <UnitQty>מיליליטרים</UnitQty>
      <Quantity>500.00</Quantity>
      <bIsWeighted>0</bIsWeighted>
      <UnitOfMeasure>100 מ"ל</UnitOfMeasure>
      <QtyInPackage>0</QtyInPackage>
      <ItemPrice>5.00</ItemPrice>
      <UnitOfMeasurePrice>1.00</UnitOfMeasurePrice>
      <AllowDiscount>1</AllowDiscount>
      <ItemStatus>1</ItemStatus>
    </Item>
    <Item>
      <PriceUpdateDate>2020-01-20 00:09</PriceUpdateDate>
      <ItemCode>7290010237562</ItemCode>
      <ItemType>1</ItemType>
      <ItemName>מירינדה</ItemName>
      <ManufacturerName />
      <ManufactureCountry>IL</ManufactureCountry>
      <ManufacturerItemDescription>מירינדה</ManufacturerItemDescription>
      <UnitQty>מיליליטרים</UnitQty>
      <Quantity>500.00</Quantity>
      <bIsWeighted>0</bIsWeighted>
      <UnitOfMeasure>100 מ"ל</UnitOfMeasure>
      <QtyInPackage>0</QtyInPackage>
      <ItemPrice>5.00</ItemPrice>
      <UnitOfMeasurePrice>1.00</UnitOfMeasurePrice>
      <AllowDiscount>1</AllowDiscount>
      <ItemStatus>1</ItemStatus>
    </Item>
    <Item>
      <PriceUpdateDate>2020-02-02 12:55</PriceUpdateDate>
      <ItemCode>7290010379934</ItemCode>
      <ItemType>1</ItemType>
      <ItemName>לק גוון 359</ItemName>
      <ManufacturerName>קרליין</ManufacturerName>
      <ManufactureCountry />
      <ManufacturerItemDescription>לק גוון 359</ManufacturerItemDescription>
      <UnitQty>יחידה</UnitQty>
      <Quantity>1.00</Quantity>
      <bIsWeighted>0</bIsWeighted>
      <UnitOfMeasure>יחידה</UnitOfMeasure>
      <QtyInPackage>0</QtyInPackage>
      <ItemPrice>14.90</ItemPrice>
      <UnitOfMeasurePrice>14.90</UnitOfMeasurePrice>
      <AllowDiscount>1</AllowDiscount>
      <ItemStatus>1</ItemStatus>
    </Item>
    <Item>
      <PriceUpdateDate>2020-02-02 12:55</PriceUpdateDate>
      <ItemCode>7290010380275</ItemCode>
      <ItemType>1</ItemType>
      <ItemName>לק גוון 344</ItemName>
      <ManufacturerName>קרליין</ManufacturerName>
      <ManufactureCountry />
      <ManufacturerItemDescription>לק גוון 344</ManufacturerItemDescription>
      <UnitQty>יחידה</UnitQty>
      <Quantity>1.00</Quantity>
      <bIsWeighted>0</bIsWeighted>
      <UnitOfMeasure>יחידה</UnitOfMeasure>
      <QtyInPackage>0</QtyInPackage>
      <ItemPrice>14.90</ItemPrice>
      <UnitOfMeasurePrice>14.90</UnitOfMeasurePrice>
      <AllowDiscount>1</AllowDiscount>
      <ItemStatus>1</ItemStatus>
    </Item>
    <Item>
      <PriceUpdateDate>2020-02-02 12:55</PriceUpdateDate>
      <ItemCode>7290010380282</ItemCode>
      <ItemType>1</ItemType>
      <ItemName>לק גוון 345</ItemName>
      <ManufacturerName>קרליין</ManufacturerName>
      <ManufactureCountry />
      <ManufacturerItemDescription>לק גוון 345</ManufacturerItemDescription>
      <UnitQty>יחידה</UnitQty>
      <Quantity>1.00</Quantity>
      <bIsWeighted>0</bIsWeighted>
      <UnitOfMeasure>יחידה</UnitOfMeasure>
      <QtyInPackage>0</QtyInPackage>
      <ItemPrice>14.90</ItemPrice>
      <UnitOfMeasurePrice>14.90</UnitOfMeasurePrice>
      <AllowDiscount>1</AllowDiscount>
      <ItemStatus>1</ItemStatus>
    </Item>
    <Item>
      <PriceUpdateDate>2020-02-02 12:38</PriceUpdateDate>
      <ItemCode>7290010380466</ItemCode>
      <ItemType>1</ItemType>
      <ItemName>YOUNG קרם ג'ל SPF 15</ItemName>
      <ManufacturerName>קרליין</ManufacturerName>
      <ManufactureCountry />
      <ManufacturerItemDescription>YOUNG קרם ג'ל SP</ManufacturerItemDescription>
      <UnitQty>מיליליטרים</UnitQty>
      <Quantity>50.00</Quantity>
      <bIsWeighted>0</bIsWeighted>
      <UnitOfMeasure>100 מ"ל</UnitOfMeasure>
      <QtyInPackage>0</QtyInPackage>
      <ItemPrice>59.90</ItemPrice>
      <UnitOfMeasurePrice>119.80</UnitOfMeasurePrice>
      <AllowDiscount>1</AllowDiscount>
      <ItemStatus>1</ItemStatus>
    </Item>
    <Item>
      <PriceUpdateDate>2020-03-10 13:44</PriceUpdateDate>
      <ItemCode>7290010381272</ItemCode>
      <ItemType>1</ItemType>
      <ItemName>דיפ ליינר שחור 80</ItemName>
      <ManufacturerName>קרליין</ManufacturerName>
      <ManufactureCountry />
      <ManufacturerItemDescription>דיפ ליינר 80</ManufacturerItemDescription>
      <UnitQty>יחידה</UnitQty>
      <Quantity>1.00</Quantity>
      <bIsWeighted>0</bIsWeighted>
      <UnitOfMeasure>יחידה</UnitOfMeasure>
      <QtyInPackage>0</QtyInPackage>
      <ItemPrice>54.90</ItemPrice>
      <UnitOfMeasurePrice>54.90</UnitOfMeasurePrice>
      <AllowDiscount>1</AllowDiscount>
      <ItemStatus>1</ItemStatus>
    </Item>
    <Item>
      <PriceUpdateDate>2020-03-10 13:44</PriceUpdateDate>
      <ItemCode>7290010381302</ItemCode>
      <ItemType>1</ItemType>
      <ItemName>עפרון עיניים עם חידוד100</ItemName>
      <ManufacturerName>קרליין</ManufacturerName>
      <ManufactureCountry>DE</ManufactureCountry>
      <ManufacturerItemDescription>עפרון עיניים</ManufacturerItemDescription>
      <UnitQty>יחידה</UnitQty>
      <Quantity>1.00</Quantity>
      <bIsWeighted>0</bIsWeighted>
      <UnitOfMeasure>יחידה</UnitOfMeasure>
      <QtyInPackage>0</QtyInPackage>
      <ItemPrice>29.90</ItemPrice>
      <UnitOfMeasurePrice>29.90</UnitOfMeasurePrice>
      <AllowDiscount>1</AllowDiscount>
      <ItemStatus>1</ItemStatus>
    </Item>
    <Item>
      <PriceUpdateDate>2020-03-10 13:44</PriceUpdateDate>
      <ItemCode>7290010381333</ItemCode>
      <ItemType>1</ItemType>
      <ItemName>עפרון עיניין עם חידוד303</ItemName>
      <ManufacturerName>קרליין</ManufacturerName>
      <ManufactureCountry />
      <ManufacturerItemDescription>עפרון עיניים</ManufacturerItemDescription>
      <UnitQty>יחידה</UnitQty>
      <Quantity>1.00</Quantity>
      <bIsWeighted>0</bIsWeighted>
      <UnitOfMeasure>יחידה</UnitOfMeasure>
      <QtyInPackage>0</QtyInPackage>
      <ItemPrice>29.90</ItemPrice>
      <UnitOfMeasurePrice>29.90</UnitOfMeasurePrice>
      <AllowDiscount>1</AllowDiscount>
      <ItemStatus>1</ItemStatus>
    </Item>
    <Item>
      <PriceUpdateDate>2020-03-10 13:44</PriceUpdateDate>
      <ItemCode>7290010381500</ItemCode>
      <ItemType>1</ItemType>
      <ItemName>עפרון עיניים ללא חידוד 0</ItemName>
      <ManufacturerName>קרליין</ManufacturerName>
      <ManufactureCountry />
      <ManufacturerItemDescription>עפרון עיניים</ManufacturerItemDescription>
      <UnitQty>יחידה</UnitQty>
      <Quantity>1.00</Quantity>
      <bIsWeighted>0</bIsWeighted>
      <UnitOfMeasure>יחידה</UnitOfMeasure>
      <QtyInPackage>0</QtyInPackage>
      <ItemPrice>29.90</ItemPrice>
      <UnitOfMeasurePrice>29.90</UnitOfMeasurePrice>
      <AllowDiscount>1</AllowDiscount>
      <ItemStatus>1</ItemStatus>
    </Item>
    <Item>
      <PriceUpdateDate>2020-03-10 13:44</PriceUpdateDate>
      <ItemCode>7290010381548</ItemCode>
      <ItemType>1</ItemType>
      <ItemName>עפרון עיניים ללא חידוד 4</ItemName>
      <ManufacturerName>קרליין</ManufacturerName>
      <ManufactureCountry />
      <ManufacturerItemDescription>עפרון עיניים</ManufacturerItemDescription>
      <UnitQty>יחידה</UnitQty>
      <Quantity>1.00</Quantity>
      <bIsWeighted>0</bIsWeighted>
      <UnitOfMeasure>יחידה</UnitOfMeasure>
      <QtyInPackage>0</QtyInPackage>
      <ItemPrice>29.90</ItemPrice>
      <UnitOfMeasurePrice>29.90</UnitOfMeasurePrice>
      <AllowDiscount>1</AllowDiscount>
      <ItemStatus>1</ItemStatus>
    </Item>
    <Item>
      <PriceUpdateDate>2020-03-10 13:44</PriceUpdateDate>
      <ItemCode>7290010381562</ItemCode>
      <ItemType>1</ItemType>
      <ItemName>עפרון עיניים ללא חידוד 6</ItemName>
      <ManufacturerName>קרליין</ManufacturerName>
      <ManufactureCountry />
      <ManufacturerItemDescription>עפרון עיניים</ManufacturerItemDescription>
      <UnitQty>יחידה</UnitQty>
      <Quantity>1.00</Quantity>
      <bIsWeighted>0</bIsWeighted>
      <UnitOfMeasure>יחידה</UnitOfMeasure>
      <QtyInPackage>0</QtyInPackage>
      <ItemPrice>29.90</ItemPrice>
      <UnitOfMeasurePrice>29.90</UnitOfMeasurePrice>
      <AllowDiscount>1</AllowDiscount>
      <ItemStatus>1</ItemStatus>
    </Item>
    <Item>
      <PriceUpdateDate>2020-03-22 11:54</PriceUpdateDate>
      <ItemCode>7290010381739</ItemCode>
      <ItemType>1</ItemType>
      <ItemName>עפרון גבות בלונד</ItemName>
      <ManufacturerName>קרליין</ManufacturerName>
      <ManufactureCountry />
      <ManufacturerItemDescription>עפרון גבות בלונד</ManufacturerItemDescription>
      <UnitQty>יחידה</UnitQty>
      <Quantity>1.00</Quantity>
      <bIsWeighted>0</bIsWeighted>
      <UnitOfMeasure>יחידה</UnitOfMeasure>
      <QtyInPackage>0</QtyInPackage>
      <ItemPrice>29.90</ItemPrice>
      <UnitOfMeasurePrice>29.90</UnitOfMeasurePrice>
      <AllowDiscount>1</AllowDiscount>
      <ItemStatus>1</ItemStatus>
    </Item>
    <Item>
      <PriceUpdateDate>2020-02-02 12:55</PriceUpdateDate>
      <ItemCode>7290010381869</ItemCode>
      <ItemType>1</ItemType>
      <ItemName>קרליין מחדד עפרונות</ItemName>
      <ManufacturerName>קרליין</ManufacturerName>
      <ManufactureCountry />
      <ManufacturerItemDescription>מחדד עפרונות</ManufacturerItemDescription>
      <UnitQty>יחידה</UnitQty>
      <Quantity>1.00</Quantity>
      <bIsWeighted>0</bIsWeighted>
      <UnitOfMeasure>יחידה</UnitOfMeasure>
      <QtyInPackage>0</QtyInPackage>
      <ItemPrice>14.90</ItemPrice>
      <UnitOfMeasurePrice>14.90</UnitOfMeasurePrice>
      <AllowDiscount>1</AllowDiscount>
      <ItemStatus>1</ItemStatus>
    </Item>
    <Item>
      <PriceUpdateDate>2020-03-04 15:34</PriceUpdateDate>
      <ItemCode>7290010382033</ItemCode>
      <ItemType>1</ItemType>
      <ItemName>שפתון גלוס עם ברק 903</ItemName>
      <ManufacturerName>קרליין</ManufacturerName>
      <ManufactureCountry />
      <ManufacturerItemDescription>שפתון גלוס עם בר</ManufacturerItemDescription>
      <UnitQty>יחידה</UnitQty>
      <Quantity>1.00</Quantity>
      <bIsWeighted>0</bIsWeighted>
      <UnitOfMeasure>יחידה</UnitOfMeasure>
      <QtyInPackage>0</QtyInPackage>
      <ItemPrice>59.90</ItemPrice>
      <UnitOfMeasurePrice>59.90</UnitOfMeasurePrice>
      <AllowDiscount>1</AllowDiscount>
      <ItemStatus>1</ItemStatus>
    </Item>
    <Item>
      <PriceUpdateDate>2020-02-02 12:55</PriceUpdateDate>
      <ItemCode>7290010382927</ItemCode>
      <ItemType>1</ItemType>
      <ItemName>לק גוון 367</ItemName>
      <ManufacturerName>קרליין</ManufacturerName>
      <ManufactureCountry>IL</ManufactureCountry>
      <ManufacturerItemDescription>לק גוון 367</ManufacturerItemDescription>
      <UnitQty>יחידה</UnitQty>
      <Quantity>1.00</Quantity>
      <bIsWeighted>0</bIsWeighted>
      <UnitOfMeasure>יחידה</UnitOfMeasure>
      <QtyInPackage>0</QtyInPackage>
      <ItemPrice>14.90</ItemPrice>
      <UnitOfMeasurePrice>14.90</UnitOfMeasurePrice>
      <AllowDiscount>1</AllowDiscount>
      <ItemStatus>1</ItemStatus>
    </Item>
    <Item>
      <PriceUpdateDate>2020-02-02 12:55</PriceUpdateDate>
      <ItemCode>7290010382941</ItemCode>
      <ItemType>1</ItemType>
      <ItemName>לק גוון 369</ItemName>
      <ManufacturerName>קרליין</ManufacturerName>
      <ManufactureCountry />
      <ManufacturerItemDescription>לק גוון 369</ManufacturerItemDescription>
      <UnitQty>יחידה</UnitQty>
      <Quantity>1.00</Quantity>
      <bIsWeighted>0</bIsWeighted>
      <UnitOfMeasure>יחידה</UnitOfMeasure>
      <QtyInPackage>0</QtyInPackage>
      <ItemPrice>14.90</ItemPrice>
      <UnitOfMeasurePrice>14.90</UnitOfMeasurePrice>
      <AllowDiscount>1</AllowDiscount>
      <ItemStatus>1</ItemStatus>
    </Item>
    <Item>
      <PriceUpdateDate>2020-10-10 21:00</PriceUpdateDate>
      <ItemCode>7290010511068</ItemCode>
      <ItemType>1</ItemType>
      <ItemName>תחתוני ספיגה אלסטים M/L</ItemName>
      <ManufacturerName>DPL פרומדיקו</ManufacturerName>
      <ManufactureCountry>IL</ManufactureCountry>
      <ManufacturerItemDescription>תחתוני ספיגה</ManufacturerItemDescription>
      <UnitQty>יחידה</UnitQty>
      <Quantity>1.00</Quantity>
      <bIsWeighted>0</bIsWeighted>
      <UnitOfMeasure>יחידה</UnitOfMeasure>
      <QtyInPackage>0</QtyInPackage>
      <ItemPrice>72.90</ItemPrice>
      <UnitOfMeasurePrice>72.90</UnitOfMeasurePrice>
      <AllowDiscount>1</AllowDiscount>
      <ItemStatus>1</ItemStatus>
    </Item>
    <Item>
      <PriceUpdateDate>2020-10-10 21:00</PriceUpdateDate>
      <ItemCode>7290010511075</ItemCode>
      <ItemType>1</ItemType>
      <ItemName>תחתוני ספיגה XL</ItemName>
      <ManufacturerName>DPL פרומדיקו</ManufacturerName>
      <ManufactureCountry>IL</ManufactureCountry>
      <ManufacturerItemDescription>תחתוני ספיגה XL</ManufacturerItemDescription>
      <UnitQty>יחידה</UnitQty>
      <Quantity>1.00</Quantity>
      <bIsWeighted>0</bIsWeighted>
      <UnitOfMeasure>יחידה</UnitOfMeasure>
      <QtyInPackage>0</QtyInPackage>
      <ItemPrice>72.90</ItemPrice>
      <UnitOfMeasurePrice>72.90</UnitOfMeasurePrice>
      <AllowDiscount>1</AllowDiscount>
      <ItemStatus>1</ItemStatus>
    </Item>
    <Item>
      <PriceUpdateDate>2020-10-10 20:20</PriceUpdateDate>
      <ItemCode>7290010718627</ItemCode>
      <ItemType>1</ItemType>
      <ItemName>סבון נוזלי פנינה ירוק 1ל</ItemName>
      <ManufacturerName>סאסא קוסמטיקס</ManufacturerName>
      <ManufactureCountry>IL</ManufactureCountry>
      <ManufacturerItemDescription>סבון פנינה</ManufacturerItemDescription>
      <UnitQty>ליטרים</UnitQty>
      <Quantity>1.00</Quantity>
      <bIsWeighted>0</bIsWeighted>
      <UnitOfMeasure>ליטר</UnitOfMeasure>
      <QtyInPackage>0</QtyInPackage>
      <ItemPrice>7.90</ItemPrice>
      <UnitOfMeasurePrice>7.90</UnitOfMeasurePrice>
      <AllowDiscount>1</AllowDiscount>
      <ItemStatus>1</ItemStatus>
    </Item>
    <Item>
      <PriceUpdateDate>2020-10-10 20:20</PriceUpdateDate>
      <ItemCode>7290010748860</ItemCode>
      <ItemType>1</ItemType>
      <ItemName>ק.ידיים אפקטיב קר יבש150</ItemName>
      <ManufacturerName>פישר מעבדות פרמצבטיות בע</ManufacturerName>
      <ManufactureCountry>IL</ManufactureCountry>
      <ManufacturerItemDescription>קרם ידיים</ManufacturerItemDescription>
      <UnitQty>מיליליטרים</UnitQty>
      <Quantity>150.00</Quantity>
      <bIsWeighted>0</bIsWeighted>
      <UnitOfMeasure>100 מ"ל</UnitOfMeasure>
      <QtyInPackage>0</QtyInPackage>
      <ItemPrice>12.90</ItemPrice>
      <UnitOfMeasurePrice>8.60</UnitOfMeasurePrice>
      <AllowDiscount>1</AllowDiscount>
      <ItemStatus>1</ItemStatus>
    </Item>
    <Item>
      <PriceUpdateDate>2020-10-10 20:20</PriceUpdateDate>
      <ItemCode>7290010748877</ItemCode>
      <ItemType>1</ItemType>
      <ItemName>ד"ר פישר קרם גוף רגיש</ItemName>
      <ManufacturerName>פישר מעבדות פרמצבטיות</ManufacturerName>
      <ManufactureCountry>IL</ManufactureCountry>
      <ManufacturerItemDescription>ד"ר פישר קרם גוף</ManufacturerItemDescription>
      <UnitQty>מיליליטרים</UnitQty>
      <Quantity>700.00</Quantity>
      <bIsWeighted>0</bIsWeighted>
      <UnitOfMeasure>100 מ"ל</UnitOfMeasure>
      <QtyInPackage>0</QtyInPackage>
      <ItemPrice>24.90</ItemPrice>
      <UnitOfMeasurePrice>3.55</UnitOfMeasurePrice>
      <AllowDiscount>1</AllowDiscount>
      <ItemStatus>1</ItemStatus>
    </Item>
    <Item>
      <PriceUpdateDate>2020-10-10 20:20</PriceUpdateDate>
      <ItemCode>7290010748891</ItemCode>
      <ItemType>1</ItemType>
      <ItemName>ק.גוף אפקטיב קר רגיל700מ</ItemName>
      <ManufacturerName>פישר מעבדות פרמצבטיות</ManufacturerName>
      <ManufactureCountry>IL</ManufactureCountry>
      <ManufacturerItemDescription>קרם גוף</ManufacturerItemDescription>
      <UnitQty>מיליליטרים</UnitQty>
      <Quantity>700.00</Quantity>
      <bIsWeighted>0</bIsWeighted>
      <UnitOfMeasure>100 מ"ל</UnitOfMeasure>
      <QtyInPackage>0</QtyInPackage>
      <ItemPrice>24.90</ItemPrice>
      <UnitOfMeasurePrice>3.55</UnitOfMeasurePrice>
      <AllowDiscount>1</AllowDiscount>
      <ItemStatus>1</ItemStatus>
    </Item>
    <Item>
      <PriceUpdateDate>2020-01-20 00:09</PriceUpdateDate>
      <ItemCode>7290010822034</ItemCode>
      <ItemType>1</ItemType>
      <ItemName>ג'אמפ ענבים 500 מ"ל</ItemName>
      <ManufacturerName>טמפו משקאות בע"מ</ManufacturerName>
      <ManufactureCountry>IL</ManufactureCountry>
      <ManufacturerItemDescription>ג'אמפ ענבים 500</ManufacturerItemDescription>
      <UnitQty>מיליליטרים</UnitQty>
      <Quantity>500.00</Quantity>
      <bIsWeighted>0</bIsWeighted>
      <UnitOfMeasure>100 מ"ל</UnitOfMeasure>
      <QtyInPackage>0</QtyInPackage>
      <ItemPrice>5.00</ItemPrice>
      <UnitOfMeasurePrice>1.00</UnitOfMeasurePrice>
      <AllowDiscount>1</AllowDiscount>
      <ItemStatus>1</ItemStatus>
    </Item>
    <Item>
      <PriceUpdateDate>2020-10-10 20:20</PriceUpdateDate>
      <ItemCode>7290010883059</ItemCode>
      <ItemType>1</ItemType>
      <ItemName>מברשת בוב ספוג חשמלית</ItemName>
      <ManufacturerName>ELECTRIC S.S</ManufacturerName>
      <ManufactureCountry>CN</ManufactureCountry>
      <ManufacturerItemDescription>מברשת שיניים</ManufacturerItemDescription>
      <UnitQty>יחידה</UnitQty>
      <Quantity>1.00</Quantity>
      <bIsWeighted>0</bIsWeighted>
      <UnitOfMeasure>יחידה</UnitOfMeasure>
      <QtyInPackage>0</QtyInPackage>
      <ItemPrice>24.90</ItemPrice>
      <UnitOfMeasurePrice>24.90</UnitOfMeasurePrice>
      <AllowDiscount>1</AllowDiscount>
      <ItemStatus>1</ItemStatus>
    </Item>
    <Item>
      <PriceUpdateDate>2020-01-20 00:21</PriceUpdateDate>
      <ItemCode>7290011026066</ItemCode>
      <ItemType>1</ItemType>
      <ItemName>שמפו ומרכך לילדים סרקל</ItemName>
      <ManufacturerName>פישר מעבדות פרמצבטיות בע</ManufacturerName>
      <ManufactureCountry>IL</ManufactureCountry>
      <ManufacturerItemDescription>סרקל 2 ב1-</ManufacturerItemDescription>
      <UnitQty>ליטרים</UnitQty>
      <Quantity>1.00</Quantity>
      <bIsWeighted>0</bIsWeighted>
      <UnitOfMeasure>ליטר</UnitOfMeasure>
      <QtyInPackage>0</QtyInPackage>
      <ItemPrice>26.90</ItemPrice>
      <UnitOfMeasurePrice>26.90</UnitOfMeasurePrice>
      <AllowDiscount>1</AllowDiscount>
      <ItemStatus>1</ItemStatus>
    </Item>
    <Item>
      <PriceUpdateDate>2020-02-02 12:55</PriceUpdateDate>
      <ItemCode>7290011113322</ItemCode>
      <ItemType>1</ItemType>
      <ItemName>לק גוון 374</ItemName>
      <ManufacturerName>קרליין</ManufacturerName>
      <ManufactureCountry />
      <ManufacturerItemDescription>לק גוון 374</ManufacturerItemDescription>
      <UnitQty>יחידה</UnitQty>
      <Quantity>1.00</Quantity>
      <bIsWeighted>0</bIsWeighted>
      <UnitOfMeasure>יחידה</UnitOfMeasure>
      <QtyInPackage>0</QtyInPackage>
      <ItemPrice>14.90</ItemPrice>
      <UnitOfMeasurePrice>14.90</UnitOfMeasurePrice>
      <AllowDiscount>1</AllowDiscount>
      <ItemStatus>1</ItemStatus>
    </Item>
    <Item>
      <PriceUpdateDate>2020-02-02 12:55</PriceUpdateDate>
      <ItemCode>7290011113902</ItemCode>
      <ItemType>1</ItemType>
      <ItemName>טיטניום BLACK א.ד.ט 100</ItemName>
      <ManufacturerName>קרליין</ManufacturerName>
      <ManufactureCountry>IL</ManufactureCountry>
      <ManufacturerItemDescription>א.ד.ט BLACK</ManufacturerItemDescription>
      <UnitQty>מיליליטרים</UnitQty>
      <Quantity>100.00</Quantity>
      <bIsWeighted>0</bIsWeighted>
      <UnitOfMeasure>100 מ"ל</UnitOfMeasure>
      <QtyInPackage>0</QtyInPackage>
      <ItemPrice>79.90</ItemPrice>
      <UnitOfMeasurePrice>79.90</UnitOfMeasurePrice>
      <AllowDiscount>1</AllowDiscount>
      <ItemStatus>1</ItemStatus>
    </Item>
    <Item>
      <PriceUpdateDate>2020-03-10 13:44</PriceUpdateDate>
      <ItemCode>7290011114039</ItemCode>
      <ItemType>1</ItemType>
      <ItemName>עפרון עיניים ללא חידוד 2</ItemName>
      <ManufacturerName>קרליין</ManufacturerName>
      <ManufactureCountry />
      <ManufacturerItemDescription>עפרון עיניים</ManufacturerItemDescription>
      <UnitQty>יחידה</UnitQty>
      <Quantity>1.00</Quantity>
      <bIsWeighted>0</bIsWeighted>
      <UnitOfMeasure>יחידה</UnitOfMeasure>
      <QtyInPackage>0</QtyInPackage>
      <ItemPrice>29.90</ItemPrice>
      <UnitOfMeasurePrice>29.90</UnitOfMeasurePrice>
      <AllowDiscount>1</AllowDiscount>
      <ItemStatus>1</ItemStatus>
    </Item>
    <Item>
      <PriceUpdateDate>2020-03-10 13:44</PriceUpdateDate>
      <ItemCode>7290011116408</ItemCode>
      <ItemType>1</ItemType>
      <ItemName>פודרה למראה אחיד 02</ItemName>
      <ManufacturerName>קרליין</ManufacturerName>
      <ManufactureCountry />
      <ManufacturerItemDescription>פודרה למראה אחיד</ManufacturerItemDescription>
      <UnitQty>יחידה</UnitQty>
      <Quantity>1.00</Quantity>
      <bIsWeighted>0</bIsWeighted>
      <UnitOfMeasure>יחידה</UnitOfMeasure>
      <QtyInPackage>0</QtyInPackage>
      <ItemPrice>59.90</ItemPrice>
      <UnitOfMeasurePrice>59.90</UnitOfMeasurePrice>
      <AllowDiscount>1</AllowDiscount>
      <ItemStatus>1</ItemStatus>
    </Item>
    <Item>
      <PriceUpdateDate>2020-01-20 00:21</PriceUpdateDate>
      <ItemCode>7290011121631</ItemCode>
      <ItemType>1</ItemType>
      <ItemName>בקבוק בי פרי פרידום 160מ</ItemName>
      <ManufacturerName>בי פרי</ManufacturerName>
      <ManufactureCountry>IL</ManufactureCountry>
      <ManufacturerItemDescription>בקבוק בי פרי פרי</ManufacturerItemDescription>
      <UnitQty>יחידה</UnitQty>
      <Quantity>1.00</Quantity>
      <bIsWeighted>0</bIsWeighted>
      <UnitOfMeasure>יחידה</UnitOfMeasure>
      <QtyInPackage>0</QtyInPackage>
      <ItemPrice>46.90</ItemPrice>
      <UnitOfMeasurePrice>46.90</UnitOfMeasurePrice>
      <AllowDiscount>1</AllowDiscount>
      <ItemStatus>1</ItemStatus>
    </Item>
    <Item>
      <PriceUpdateDate>2020-01-20 00:09</PriceUpdateDate>
      <ItemCode>7290011132507</ItemCode>
      <ItemType>1</ItemType>
      <ItemName>סאן בנדטו מוגז 0.5 ליטר</ItemName>
      <ManufacturerName>אקווה מינרלה סאן בנדטו ב</ManufacturerName>
      <ManufactureCountry>IT</ManufactureCountry>
      <ManufacturerItemDescription>סאן בנדטו מוגז 0</ManufacturerItemDescription>
      <UnitQty>מיליליטרים</UnitQty>
      <Quantity>500.00</Quantity>
      <bIsWeighted>0</bIsWeighted>
      <UnitOfMeasure>100 מ"ל</UnitOfMeasure>
      <QtyInPackage>0</QtyInPackage>
      <ItemPrice>5.00</ItemPrice>
      <UnitOfMeasurePrice>1.00</UnitOfMeasurePrice>
      <AllowDiscount>1</AllowDiscount>
      <ItemStatus>1</ItemStatus>
    </Item>
    <Item>
      <PriceUpdateDate>2020-01-20 00:21</PriceUpdateDate>
      <ItemCode>7290011332983</ItemCode>
      <ItemType>1</ItemType>
      <ItemName>מגבונאף קמיל בלו</ItemName>
      <ManufacturerName>פישר מעבדות פרמצבטיות בע</ManufacturerName>
      <ManufactureCountry>IL</ManufactureCountry>
      <ManufacturerItemDescription>מגבונאף קמיל בלו</ManufacturerItemDescription>
      <UnitQty>יחידה</UnitQty>
      <Quantity>1.00</Quantity>
      <bIsWeighted>0</bIsWeighted>
      <UnitOfMeasure>יחידה</UnitOfMeasure>
      <QtyInPackage>0</QtyInPackage>
      <ItemPrice>23.90</ItemPrice>
      <UnitOfMeasurePrice>23.90</UnitOfMeasurePrice>
      <AllowDiscount>1</AllowDiscount>
      <ItemStatus>1</ItemStatus>
    </Item>
    <Item>
      <PriceUpdateDate>2020-01-20 00:21</PriceUpdateDate>
      <ItemCode>7290011447014</ItemCode>
      <ItemType>1</ItemType>
      <ItemName>דייסת סלט פירות 200 גרם</ItemName>
      <ManufacturerName>מטרנה תעשיות ש.מ</ManufacturerName>
      <ManufactureCountry>IL</ManufactureCountry>
      <ManufacturerItemDescription>דייסת מטרנה</ManufacturerItemDescription>
      <UnitQty>גרמים</UnitQty>
      <Quantity>200.00</Quantity>
      <bIsWeighted>0</bIsWeighted>
      <UnitOfMeasure>100 גרם</UnitOfMeasure>
      <QtyInPackage>0</QtyInPackage>
      <ItemPrice>14.50</ItemPrice>
      <UnitOfMeasurePrice>7.25</UnitOfMeasurePrice>
      <AllowDiscount>1</AllowDiscount>
      <ItemStatus>1</ItemStatus>
    </Item>
    <Item>
      <PriceUpdateDate>2020-01-20 00:21</PriceUpdateDate>
      <ItemCode>7290011447304</ItemCode>
      <ItemType>1</ItemType>
      <ItemName>מטרנה חלבי שלב 3 700ג</ItemName>
      <ManufacturerName>מטרנה תעשיות ש.מ</ManufacturerName>
      <ManufactureCountry>IL</ManufactureCountry>
      <ManufacturerItemDescription>מטרנה חלבי שלב 3</ManufacturerItemDescription>
      <UnitQty>גרמים</UnitQty>
      <Quantity>700.00</Quantity>
      <bIsWeighted>0</bIsWeighted>
      <UnitOfMeasure>100 גרם</UnitOfMeasure>
      <QtyInPackage>0</QtyInPackage>
      <ItemPrice>56.90</ItemPrice>
      <UnitOfMeasurePrice>8.13</UnitOfMeasurePrice>
      <AllowDiscount>1</AllowDiscount>
      <ItemStatus>1</ItemStatus>
    </Item>
    <Item>
      <PriceUpdateDate>2020-05-06 16:13</PriceUpdateDate>
      <ItemCode>7290011505714</ItemCode>
      <ItemType>1</ItemType>
      <ItemName>נשכן נובי רך במיוחד</ItemName>
      <ManufacturerName>N.L.PRODUCT</ManufacturerName>
      <ManufactureCountry>CN</ManufactureCountry>
      <ManufacturerItemDescription>נשכן נובי</ManufacturerItemDescription>
      <UnitQty>יחידה</UnitQty>
      <Quantity>1.00</Quantity>
      <bIsWeighted>0</bIsWeighted>
      <UnitOfMeasure>יחידה</UnitOfMeasure>
      <QtyInPackage>0</QtyInPackage>
      <ItemPrice>30.90</ItemPrice>
      <UnitOfMeasurePrice>30.90</UnitOfMeasurePrice>
      <AllowDiscount>1</AllowDiscount>
      <ItemStatus>1</ItemStatus>
    </Item>
    <Item>
      <PriceUpdateDate>2020-01-20 00:21</PriceUpdateDate>
      <ItemCode>7290011525323</ItemCode>
      <ItemType>1</ItemType>
      <ItemName>אל סבון שיבולת שועל</ItemName>
      <ManufacturerName>פישר מעבדות פרמצבטיות בע</ManufacturerName>
      <ManufactureCountry>IL</ManufactureCountry>
      <ManufacturerItemDescription>אל סבון קמיל בלו</ManufacturerItemDescription>
      <UnitQty>מיליליטרים</UnitQty>
      <Quantity>500.00</Quantity>
      <bIsWeighted>0</bIsWeighted>
      <UnitOfMeasure>100 מ"ל</UnitOfMeasure>
      <QtyInPackage>0</QtyInPackage>
      <ItemPrice>20.90</ItemPrice>
      <UnitOfMeasurePrice>4.18</UnitOfMeasurePrice>
      <AllowDiscount>1</AllowDiscount>
      <ItemStatus>1</ItemStatus>
    </Item>
    <Item>
      <PriceUpdateDate>2020-10-10 20:20</PriceUpdateDate>
      <ItemCode>7290011525729</ItemCode>
      <ItemType>1</ItemType>
      <ItemName>שמפו לפני השינה</ItemName>
      <ManufacturerName>פישר מעבדות פרמצבטיות בע</ManufacturerName>
      <ManufactureCountry>IL</ManufactureCountry>
      <ManufacturerItemDescription>שמפו קמיל בלו</ManufacturerItemDescription>
      <UnitQty>ליטרים</UnitQty>
      <Quantity>1.00</Quantity>
      <bIsWeighted>0</bIsWeighted>
      <UnitOfMeasure>ליטר</UnitOfMeasure>
      <QtyInPackage>0</QtyInPackage>
      <ItemPrice>24.90</ItemPrice>
      <UnitOfMeasurePrice>24.90</UnitOfMeasurePrice>
      <AllowDiscount>1</AllowDiscount>
      <ItemStatus>1</ItemStatus>
    </Item>
    <Item>
      <PriceUpdateDate>2020-01-20 00:13</PriceUpdateDate>
      <ItemCode>7290011525859</ItemCode>
      <ItemType>1</ItemType>
      <ItemName>ג'נסיס לגבר ק.לחות והגנה</ItemName>
      <ManufacturerName>פישר מעבדות פרמצבטיות בע</ManufacturerName>
      <ManufactureCountry>IL</ManufactureCountry>
      <ManufacturerItemDescription>קרם לחות לגבר</ManufacturerItemDescription>
      <UnitQty>מיליליטרים</UnitQty>
      <Quantity>50.00</Quantity>
      <bIsWeighted>0</bIsWeighted>
      <UnitOfMeasure>100 מ"ל</UnitOfMeasure>
      <QtyInPackage>0</QtyInPackage>
      <ItemPrice>98.90</ItemPrice>
      <UnitOfMeasurePrice>197.80</UnitOfMeasurePrice>
      <AllowDiscount>1</AllowDiscount>
      <ItemStatus>1</ItemStatus>
    </Item>
    <Item>
      <PriceUpdateDate>2020-01-20 00:21</PriceUpdateDate>
      <ItemCode>7290011598211</ItemCode>
      <ItemType>1</ItemType>
      <ItemName>סנו אנטי קאלק נ.כללי700מ</ItemName>
      <ManufacturerName>סנו מפעלי ברונוס בעמ</ManufacturerName>
      <ManufactureCountry>IL</ManufactureCountry>
      <ManufacturerItemDescription>סנו אנטי קאלק</ManufacturerItemDescription>
      <UnitQty>מיליליטרים</UnitQty>
      <Quantity>700.00</Quantity>
      <bIsWeighted>0</bIsWeighted>
      <UnitOfMeasure>100 מ"ל</UnitOfMeasure>
      <QtyInPackage>0</QtyInPackage>
      <ItemPrice>15.90</ItemPrice>
      <UnitOfMeasurePrice>2.27</UnitOfMeasurePrice>
      <AllowDiscount>1</AllowDiscount>
      <ItemStatus>1</ItemStatus>
    </Item>
    <Item>
      <PriceUpdateDate>2020-01-20 00:21</PriceUpdateDate>
      <ItemCode>7290011618025</ItemCode>
      <ItemType>1</ItemType>
      <ItemName>בייבי ביס בטעם טבעי 50 ג</ItemName>
      <ManufacturerName>want-want</ManufacturerName>
      <ManufactureCountry>CN</ManufactureCountry>
      <ManufacturerItemDescription>בייבי ביס</ManufacturerItemDescription>
      <UnitQty>גרמים</UnitQty>
      <Quantity>50.00</Quantity>
      <bIsWeighted>0</bIsWeighted>
      <UnitOfMeasure>100 גרם</UnitOfMeasure>
      <QtyInPackage>0</QtyInPackage>
      <ItemPrice>13.90</ItemPrice>
      <UnitOfMeasurePrice>27.80</UnitOfMeasurePrice>
      <AllowDiscount>1</AllowDiscount>
      <ItemStatus>1</ItemStatus>
    </Item>
    <Item>
      <PriceUpdateDate>2020-01-20 00:21</PriceUpdateDate>
      <ItemCode>7290011618131</ItemCode>
      <ItemType>1</ItemType>
      <ItemName>בייבי ביס טעם גזר 50 גרם</ItemName>
      <ManufacturerName>want-want</ManufacturerName>
      <ManufactureCountry>CN</ManufactureCountry>
      <ManufacturerItemDescription>בייבי ביס</ManufacturerItemDescription>
      <UnitQty>גרמים</UnitQty>
      <Quantity>50.00</Quantity>
      <bIsWeighted>0</bIsWeighted>
      <UnitOfMeasure>100 גרם</UnitOfMeasure>
      <QtyInPackage>0</QtyInPackage>
      <ItemPrice>13.90</ItemPrice>
      <UnitOfMeasurePrice>27.80</UnitOfMeasurePrice>
      <AllowDiscount>1</AllowDiscount>
      <ItemStatus>1</ItemStatus>
    </Item>
    <Item>
      <PriceUpdateDate>2020-01-20 00:21</PriceUpdateDate>
      <ItemCode>7290011618216</ItemCode>
      <ItemType>1</ItemType>
      <ItemName>בייבי ביס טעם בננה 50 גר</ItemName>
      <ManufacturerName>want-want</ManufacturerName>
      <ManufactureCountry>CN</ManufactureCountry>
      <ManufacturerItemDescription>בייבי ביס</ManufacturerItemDescription>
      <UnitQty>גרמים</UnitQty>
      <Quantity>50.00</Quantity>
      <bIsWeighted>0</bIsWeighted>
      <UnitOfMeasure>100 גרם</UnitOfMeasure>
      <QtyInPackage>0</QtyInPackage>
      <ItemPrice>13.90</ItemPrice>
      <UnitOfMeasurePrice>27.80</UnitOfMeasurePrice>
      <AllowDiscount>1</AllowDiscount>
      <ItemStatus>1</ItemStatus>
    </Item>
    <Item>
      <PriceUpdateDate>2020-01-20 00:21</PriceUpdateDate>
      <ItemCode>7290011622305</ItemCode>
      <ItemType>1</ItemType>
      <ItemName>כתמתמים חטיף בריאות20*4</ItemName>
      <ManufacturerName>פרינוק</ManufacturerName>
      <ManufactureCountry>IL</ManufactureCountry>
      <ManufacturerItemDescription>רביעיית כתמתמים</ManufacturerItemDescription>
      <UnitQty>גרמים</UnitQty>
      <Quantity>80.00</Quantity>
      <bIsWeighted>0</bIsWeighted>
      <UnitOfMeasure>100 גרם</UnitOfMeasure>
      <QtyInPackage>0</QtyInPackage>
      <ItemPrice>11.90</ItemPrice>
      <UnitOfMeasurePrice>14.88</UnitOfMeasurePrice>
      <AllowDiscount>1</AllowDiscount>
      <ItemStatus>1</ItemStatus>
    </Item>
    <Item>
      <PriceUpdateDate>2020-01-20 00:21</PriceUpdateDate>
      <ItemCode>7290011622428</ItemCode>
      <ItemType>1</ItemType>
      <ItemName>כתמטמינים חטיף בריאות45ג</ItemName>
      <ManufacturerName>אשבל</ManufacturerName>
      <ManufactureCountry>IL</ManufactureCountry>
      <ManufacturerItemDescription>חטיף בריאות</ManufacturerItemDescription>
      <UnitQty>גרמים</UnitQty>
      <Quantity>45.00</Quantity>
      <bIsWeighted>0</bIsWeighted>
      <UnitOfMeasure>100 גרם</UnitOfMeasure>
      <QtyInPackage>0</QtyInPackage>
      <ItemPrice>7.50</ItemPrice>
      <UnitOfMeasurePrice>16.67</UnitOfMeasurePrice>
      <AllowDiscount>1</AllowDiscount>
      <ItemStatus>1</ItemStatus>
    </Item>
    <Item>
      <PriceUpdateDate>2020-01-20 00:21</PriceUpdateDate>
      <ItemCode>7290011622442</ItemCode>
      <ItemType>1</ItemType>
      <ItemName>טבעות חטיף בריאות 45 גרם</ItemName>
      <ManufacturerName>פרינוק</ManufacturerName>
      <ManufactureCountry>IL</ManufactureCountry>
      <ManufacturerItemDescription>חטיף בריאות</ManufacturerItemDescription>
      <UnitQty>גרמים</UnitQty>
      <Quantity>45.00</Quantity>
      <bIsWeighted>0</bIsWeighted>
      <UnitOfMeasure>100 גרם</UnitOfMeasure>
      <QtyInPackage>0</QtyInPackage>
      <ItemPrice>7.50</ItemPrice>
      <UnitOfMeasurePrice>16.67</UnitOfMeasurePrice>
      <AllowDiscount>1</AllowDiscount>
      <ItemStatus>1</ItemStatus>
    </Item>
    <Item>
      <PriceUpdateDate>2020-01-20 00:21</PriceUpdateDate>
      <ItemCode>7290011622503</ItemCode>
      <ItemType>1</ItemType>
      <ItemName>ביסונים דגנים+נוגט 14*6ג</ItemName>
      <ManufacturerName>אשבול</ManufacturerName>
      <ManufactureCountry>IL</ManufactureCountry>
      <ManufacturerItemDescription>ביסונים חטיף</ManufacturerItemDescription>
      <UnitQty>גרמים</UnitQty>
      <Quantity>84.00</Quantity>
      <bIsWeighted>0</bIsWeighted>
      <UnitOfMeasure>100 גרם</UnitOfMeasure>
      <QtyInPackage>1</QtyInPackage>
      <ItemPrice>13.90</ItemPrice>
      <UnitOfMeasurePrice>16.55</UnitOfMeasurePrice>
      <AllowDiscount>1</AllowDiscount>
      <ItemStatus>1</ItemStatus>
    </Item>
    <Item>
      <PriceUpdateDate>2020-10-10 20:20</PriceUpdateDate>
      <ItemCode>7290011743833</ItemCode>
      <ItemType>1</ItemType>
      <ItemName>משחה סנסודיין פרונמל75מל</ItemName>
      <ManufacturerName>MICLEN DE</ManufacturerName>
      <ManufactureCountry>GB</ManufactureCountry>
      <ManufacturerItemDescription>משחת שיניים</ManufacturerItemDescription>
      <UnitQty>מיליליטרים</UnitQty>
      <Quantity>75.00</Quantity>
      <bIsWeighted>0</bIsWeighted>
      <UnitOfMeasure>100 מ"ל</UnitOfMeasure>
      <QtyInPackage>0</QtyInPackage>
      <ItemPrice>17.90</ItemPrice>
      <UnitOfMeasurePrice>23.87</UnitOfMeasurePrice>
      <AllowDiscount>1</AllowDiscount>
      <ItemStatus>1</ItemStatus>
    </Item>
    <Item>
      <PriceUpdateDate>2020-10-10 20:20</PriceUpdateDate>
      <ItemCode>7290011765071</ItemCode>
      <ItemType>1</ItemType>
      <ItemName>ג'ל גילוח קרמה רגיל 200מ</ItemName>
      <ManufacturerName>אביאפ</ManufacturerName>
      <ManufactureCountry>TR</ManufactureCountry>
      <ManufacturerItemDescription>ג'ל גילוח קרמה</ManufacturerItemDescription>
      <UnitQty>מיליליטרים</UnitQty>
      <Quantity>200.00</Quantity>
      <bIsWeighted>0</bIsWeighted>
      <UnitOfMeasure>100 מ"ל</UnitOfMeasure>
      <QtyInPackage>0</QtyInPackage>
      <ItemPrice>12.90</ItemPrice>
      <UnitOfMeasurePrice>6.45</UnitOfMeasurePrice>
      <AllowDiscount>1</AllowDiscount>
      <ItemStatus>1</ItemStatus>
    </Item>
    <Item>
      <PriceUpdateDate>2020-10-10 20:20</PriceUpdateDate>
      <ItemCode>7290011765095</ItemCode>
      <ItemType>1</ItemType>
      <ItemName>ג'ל גילוח קרמה דליקט200מ</ItemName>
      <ManufacturerName>אביאפ</ManufacturerName>
      <ManufactureCountry>TR</ManufactureCountry>
      <ManufacturerItemDescription>ג'ל גילוח קרמה</ManufacturerItemDescription>
      <UnitQty>מיליליטרים</UnitQty>
      <Quantity>200.00</Quantity>
      <bIsWeighted>0</bIsWeighted>
      <UnitOfMeasure>100 מ"ל</UnitOfMeasure>
      <QtyInPackage>0</QtyInPackage>
      <ItemPrice>12.90</ItemPrice>
      <UnitOfMeasurePrice>6.45</UnitOfMeasurePrice>
      <AllowDiscount>1</AllowDiscount>
      <ItemStatus>1</ItemStatus>
    </Item>
    <Item>
      <PriceUpdateDate>2020-01-20 00:14</PriceUpdateDate>
      <ItemCode>7290011765118</ItemCode>
      <ItemType>1</ItemType>
      <ItemName>קצף גילוח קרמה דליקט200מ</ItemName>
      <ManufacturerName>קוסמופארם</ManufacturerName>
      <ManufactureCountry>IL</ManufactureCountry>
      <ManufacturerItemDescription>קצף גילוח קרמה</ManufacturerItemDescription>
      <UnitQty>מיליליטרים</UnitQty>
      <Quantity>200.00</Quantity>
      <bIsWeighted>0</bIsWeighted>
      <UnitOfMeasure>100 מ"ל</UnitOfMeasure>
      <QtyInPackage>0</QtyInPackage>
      <ItemPrice>14.90</ItemPrice>
      <UnitOfMeasurePrice>7.45</UnitOfMeasurePrice>
      <AllowDiscount>1</AllowDiscount>
      <ItemStatus>1</ItemStatus>
    </Item>
    <Item>
      <PriceUpdateDate>2020-03-17 11:58</PriceUpdateDate>
      <ItemCode>7290011765200</ItemCode>
      <ItemType>1</ItemType>
      <ItemName>ג'ל ניקוי ידיים אלורה300</ItemName>
      <ManufacturerName>קוסמופארם</ManufacturerName>
      <ManufactureCountry>IL</ManufactureCountry>
      <ManufacturerItemDescription>ג'ל ניקוי לידים</ManufacturerItemDescription>
      <UnitQty>מיליליטרים</UnitQty>
      <Quantity>300.00</Quantity>
      <bIsWeighted>0</bIsWeighted>
      <UnitOfMeasure>100 מ"ל</UnitOfMeasure>
      <QtyInPackage>0</QtyInPackage>
      <ItemPrice>19.90</ItemPrice>
      <UnitOfMeasurePrice>6.63</UnitOfMeasurePrice>
      <AllowDiscount>1</AllowDiscount>
      <ItemStatus>1</ItemStatus>
    </Item>
    <Item>
      <PriceUpdateDate>2020-01-20 00:14</PriceUpdateDate>
      <ItemCode>7290011765217</ItemCode>
      <ItemType>1</ItemType>
      <ItemName>ג'ל לניקוי ידיים אלוורה</ItemName>
      <ManufacturerName>קוסמופארם</ManufacturerName>
      <ManufactureCountry>IL</ManufactureCountry>
      <ManufacturerItemDescription>ג'ל לניקוי ידיים</ManufacturerItemDescription>
      <UnitQty>מיליליטרים</UnitQty>
      <Quantity>100.00</Quantity>
      <bIsWeighted>0</bIsWeighted>
      <UnitOfMeasure>100 מ"ל</UnitOfMeasure>
      <QtyInPackage>0</QtyInPackage>
      <ItemPrice>9.90</ItemPrice>
      <UnitOfMeasurePrice>9.90</UnitOfMeasurePrice>
      <AllowDiscount>1</AllowDiscount>
      <ItemStatus>1</ItemStatus>
    </Item>
    <Item>
      <PriceUpdateDate>2020-01-20 00:14</PriceUpdateDate>
      <ItemCode>7290011765446</ItemCode>
      <ItemType>1</ItemType>
      <ItemName>משחה אורביטול ענבים 70 ג</ItemName>
      <ManufacturerName>טרופיקל דגיל תעשיות קוסמ</ManufacturerName>
      <ManufactureCountry>IL</ManufactureCountry>
      <ManufacturerItemDescription>משחת שיניים</ManufacturerItemDescription>
      <UnitQty>גרמים</UnitQty>
      <Quantity>70.00</Quantity>
      <bIsWeighted>0</bIsWeighted>
      <UnitOfMeasure>100 גרם</UnitOfMeasure>
      <QtyInPackage>0</QtyInPackage>
      <ItemPrice>10.90</ItemPrice>
      <UnitOfMeasurePrice>15.57</UnitOfMeasurePrice>
      <AllowDiscount>1</AllowDiscount>
      <ItemStatus>1</ItemStatus>
    </Item>
    <Item>
      <PriceUpdateDate>2020-10-10 21:30</PriceUpdateDate>
      <ItemCode>7290011870232</ItemCode>
      <ItemType>1</ItemType>
      <ItemName>8 סוללות פוג'יקום AAA</ItemName>
      <ManufacturerName>פוג'יקום</ManufacturerName>
      <ManufactureCountry>CN</ManufactureCountry>
      <ManufacturerItemDescription>סוללות פוג'יקום</ManufacturerItemDescription>
      <UnitQty>יחידה</UnitQty>
      <Quantity>1.00</Quantity>
      <bIsWeighted>0</bIsWeighted>
      <UnitOfMeasure>יחידה</UnitOfMeasure>
      <QtyInPackage>0</QtyInPackage>
      <ItemPrice>9.90</ItemPrice>
      <UnitOfMeasurePrice>9.90</UnitOfMeasurePrice>
      <AllowDiscount>1</AllowDiscount>
      <ItemStatus>1</ItemStatus>
    </Item>
    <Item>
      <PriceUpdateDate>2020-01-20 00:14</PriceUpdateDate>
      <ItemCode>7290011870249</ItemCode>
      <ItemType>1</ItemType>
      <ItemName>12 סוללות פוג'י AAA</ItemName>
      <ManufacturerName>פוג'יקום</ManufacturerName>
      <ManufactureCountry>CN</ManufactureCountry>
      <ManufacturerItemDescription>סוללות פוג'י</ManufacturerItemDescription>
      <UnitQty>יחידה</UnitQty>
      <Quantity>1.00</Quantity>
      <bIsWeighted>0</bIsWeighted>
      <UnitOfMeasure>יחידה</UnitOfMeasure>
      <QtyInPackage>0</QtyInPackage>
      <ItemPrice>19.90</ItemPrice>
      <UnitOfMeasurePrice>19.90</UnitOfMeasurePrice>
      <AllowDiscount>1</AllowDiscount>
      <ItemStatus>1</ItemStatus>
    </Item>
    <Item>
      <PriceUpdateDate>2020-10-10 21:30</PriceUpdateDate>
      <ItemCode>7290011870263</ItemCode>
      <ItemType>1</ItemType>
      <ItemName>8 סוללות פוג'יקום AA</ItemName>
      <ManufacturerName>פוג'יקום</ManufacturerName>
      <ManufactureCountry>CN</ManufactureCountry>
      <ManufacturerItemDescription>סוללות פוג'יקום</ManufacturerItemDescription>
      <UnitQty>יחידה</UnitQty>
      <Quantity>1.00</Quantity>
      <bIsWeighted>0</bIsWeighted>
      <UnitOfMeasure>יחידה</UnitOfMeasure>
      <QtyInPackage>0</QtyInPackage>
      <ItemPrice>9.90</ItemPrice>
      <UnitOfMeasurePrice>9.90</UnitOfMeasurePrice>
      <AllowDiscount>1</AllowDiscount>
      <ItemStatus>1</ItemStatus>
    </Item>
    <Item>
      <PriceUpdateDate>2020-01-20 00:14</PriceUpdateDate>
      <ItemCode>7290011870270</ItemCode>
      <ItemType>1</ItemType>
      <ItemName>12 סוללות פוג'י AA</ItemName>
      <ManufacturerName>פוג'יקום</ManufacturerName>
      <ManufactureCountry>CN</ManufactureCountry>
      <ManufacturerItemDescription>סוללות פוג'י</ManufacturerItemDescription>
      <UnitQty>יחידה</UnitQty>
      <Quantity>1.00</Quantity>
      <bIsWeighted>0</bIsWeighted>
      <UnitOfMeasure>יחידה</UnitOfMeasure>
      <QtyInPackage>0</QtyInPackage>
      <ItemPrice>19.90</ItemPrice>
      <UnitOfMeasurePrice>19.90</UnitOfMeasurePrice>
      <AllowDiscount>1</AllowDiscount>
      <ItemStatus>1</ItemStatus>
    </Item>
    <Item>
      <PriceUpdateDate>2020-01-20 00:14</PriceUpdateDate>
      <ItemCode>7290011877927</ItemCode>
      <ItemType>1</ItemType>
      <ItemName>מי פה אורביטול כחול 500מ</ItemName>
      <ManufacturerName>קוסמופארם בע'\'\מ</ManufacturerName>
      <ManufactureCountry>IL</ManufactureCountry>
      <ManufacturerItemDescription>מי פה אורביטול</ManufacturerItemDescription>
      <UnitQty>מיליליטרים</UnitQty>
      <Quantity>500.00</Quantity>
      <bIsWeighted>0</bIsWeighted>
      <UnitOfMeasure>100 מ"ל</UnitOfMeasure>
      <QtyInPackage>0</QtyInPackage>
      <ItemPrice>20.90</ItemPrice>
      <UnitOfMeasurePrice>4.18</UnitOfMeasurePrice>
      <AllowDiscount>1</AllowDiscount>
      <ItemStatus>1</ItemStatus>
    </Item>
    <Item>
      <PriceUpdateDate>2020-01-20 00:14</PriceUpdateDate>
      <ItemCode>7290011912642</ItemCode>
      <ItemType>1</ItemType>
      <ItemName>ליסטרין שיניים+חניכ500מל</ItemName>
      <ManufacturerName>ג'ונסון</ManufacturerName>
      <ManufactureCountry>IT</ManufactureCountry>
      <ManufacturerItemDescription>מי פה ליסטרין</ManufacturerItemDescription>
      <UnitQty>מיליליטרים</UnitQty>
      <Quantity>500.00</Quantity>
      <bIsWeighted>0</bIsWeighted>
      <UnitOfMeasure>100 מ"ל</UnitOfMeasure>
      <QtyInPackage>0</QtyInPackage>
      <ItemPrice>29.90</ItemPrice>
      <UnitOfMeasurePrice>5.98</UnitOfMeasurePrice>
      <AllowDiscount>1</AllowDiscount>
      <ItemStatus>1</ItemStatus>
    </Item>
    <Item>
      <PriceUpdateDate>2020-01-20 00:21</PriceUpdateDate>
      <ItemCode>7290011931865</ItemCode>
      <ItemType>1</ItemType>
      <ItemName>מש.לתינוק פלצ'ה אזורה100</ItemName>
      <ManufacturerName>ביסקול בע"מ</ManufacturerName>
      <ManufactureCountry>IL</ManufactureCountry>
      <ManufacturerItemDescription>משחה לתינוק</ManufacturerItemDescription>
      <UnitQty>מיליליטרים</UnitQty>
      <Quantity>100.00</Quantity>
      <bIsWeighted>0</bIsWeighted>
      <UnitOfMeasure>100 מ"ל</UnitOfMeasure>
      <QtyInPackage>0</QtyInPackage>
      <ItemPrice>15.00</ItemPrice>
      <UnitOfMeasurePrice>15.00</UnitOfMeasurePrice>
      <AllowDiscount>1</AllowDiscount>
      <ItemStatus>1</ItemStatus>
    </Item>
    <Item>
      <PriceUpdateDate>2020-02-14 05:40</PriceUpdateDate>
      <ItemCode>7290011988005</ItemCode>
      <ItemType>1</ItemType>
      <ItemName>קרם הייר פורם לחות לשיער</ItemName>
      <ManufacturerName>מיסטר בונד</ManufacturerName>
      <ManufactureCountry>IL</ManufactureCountry>
      <ManufacturerItemDescription>קרם הייר פורם לח</ManufacturerItemDescription>
      <UnitQty>מיליליטרים</UnitQty>
      <Quantity>500.00</Quantity>
      <bIsWeighted>0</bIsWeighted>
      <UnitOfMeasure>100 מ"ל</UnitOfMeasure>
      <QtyInPackage>1</QtyInPackage>
      <ItemPrice>34.90</ItemPrice>
      <UnitOfMeasurePrice>6.98</UnitOfMeasurePrice>
      <AllowDiscount>1</AllowDiscount>
      <ItemStatus>1</ItemStatus>
    </Item>
    <Item>
      <PriceUpdateDate>2020-10-10 20:20</PriceUpdateDate>
      <ItemCode>7290012116025</ItemCode>
      <ItemType>1</ItemType>
      <ItemName>שמפו כיף פיות 750 מ"ל</ItemName>
      <ManufacturerName>קוסמופארם בע'\'\מ</ManufacturerName>
      <ManufactureCountry>IL</ManufactureCountry>
      <ManufacturerItemDescription>שמפו כיף</ManufacturerItemDescription>
      <UnitQty>מיליליטרים</UnitQty>
      <Quantity>750.00</Quantity>
      <bIsWeighted>0</bIsWeighted>
      <UnitOfMeasure>100 מ"ל</UnitOfMeasure>
      <QtyInPackage>0</QtyInPackage>
      <ItemPrice>11.90</ItemPrice>
      <UnitOfMeasurePrice>1.58</UnitOfMeasurePrice>
      <AllowDiscount>1</AllowDiscount>
      <ItemStatus>1</ItemStatus>
    </Item>
    <Item>
      <PriceUpdateDate>2020-10-10 20:20</PriceUpdateDate>
      <ItemCode>7290012116032</ItemCode>
      <ItemType>1</ItemType>
      <ItemName>מרכך כיף פיות 750 מ"ל</ItemName>
      <ManufacturerName>קוסמופארם בע'\'\מ</ManufacturerName>
      <ManufactureCountry>IL</ManufactureCountry>
      <ManufacturerItemDescription>מרכך כיף</ManufacturerItemDescription>
      <UnitQty>מיליליטרים</UnitQty>
      <Quantity>750.00</Quantity>
      <bIsWeighted>0</bIsWeighted>
      <UnitOfMeasure>100 מ"ל</UnitOfMeasure>
      <QtyInPackage>0</QtyInPackage>
      <ItemPrice>11.90</ItemPrice>
      <UnitOfMeasurePrice>1.58</UnitOfMeasurePrice>
      <AllowDiscount>1</AllowDiscount>
      <ItemStatus>1</ItemStatus>
    </Item>
    <Item>
      <PriceUpdateDate>2020-03-15 10:12</PriceUpdateDate>
      <ItemCode>7290012116261</ItemCode>
      <ItemType>1</ItemType>
      <ItemName>סנו מדיק ג'ל לידיים 500מ</ItemName>
      <ManufacturerName>קוסמופארם בעמ</ManufacturerName>
      <ManufactureCountry>IL</ManufactureCountry>
      <ManufacturerItemDescription>סנו מדיק ג'ל</ManufacturerItemDescription>
      <UnitQty>מיליליטרים</UnitQty>
      <Quantity>500.00</Quantity>
      <bIsWeighted>0</bIsWeighted>
      <UnitOfMeasure>100 מ"ל</UnitOfMeasure>
      <QtyInPackage>1</QtyInPackage>
      <ItemPrice>19.90</ItemPrice>
      <UnitOfMeasurePrice>3.98</UnitOfMeasurePrice>
      <AllowDiscount>1</AllowDiscount>
      <ItemStatus>1</ItemStatus>
    </Item>
    <Item>
      <PriceUpdateDate>2020-10-10 20:20</PriceUpdateDate>
      <ItemCode>7290012116612</ItemCode>
      <ItemType>1</ItemType>
      <ItemName>4 מברשות שיניים אורביטול</ItemName>
      <ManufacturerName>קוסמופארם</ManufacturerName>
      <ManufactureCountry>CN</ManufactureCountry>
      <ManufacturerItemDescription>4 מברשות שיניים</ManufacturerItemDescription>
      <UnitQty>יחידה</UnitQty>
      <Quantity>1.00</Quantity>
      <bIsWeighted>0</bIsWeighted>
      <UnitOfMeasure>יחידה</UnitOfMeasure>
      <QtyInPackage>0</QtyInPackage>
      <ItemPrice>10.00</ItemPrice>
      <UnitOfMeasurePrice>10.00</UnitOfMeasurePrice>
      <AllowDiscount>1</AllowDiscount>
      <ItemStatus>1</ItemStatus>
    </Item>
    <Item>
      <PriceUpdateDate>2020-10-10 20:20</PriceUpdateDate>
      <ItemCode>7290012116674</ItemCode>
      <ItemType>1</ItemType>
      <ItemName>קרמה דאו.ג'ל קול 70 מ"ל</ItemName>
      <ManufacturerName>---</ManufacturerName>
      <ManufactureCountry>IL</ManufactureCountry>
      <ManufacturerItemDescription>דאו.קרמה ג'ל</ManufacturerItemDescription>
      <UnitQty>מיליליטרים</UnitQty>
      <Quantity>70.00</Quantity>
      <bIsWeighted>0</bIsWeighted>
      <UnitOfMeasure>100 מ"ל</UnitOfMeasure>
      <QtyInPackage>0</QtyInPackage>
      <ItemPrice>15.90</ItemPrice>
      <UnitOfMeasurePrice>22.72</UnitOfMeasurePrice>
      <AllowDiscount>1</AllowDiscount>
      <ItemStatus>1</ItemStatus>
    </Item>
    <Item>
      <PriceUpdateDate>2020-10-12 22:20</PriceUpdateDate>
      <ItemCode>7290012117411</ItemCode>
      <ItemType>1</ItemType>
      <ItemName>קרמה ג'ל רח.גבר במבוק700</ItemName>
      <ManufacturerName>קוסמופארם בע'\'\מ</ManufacturerName>
      <ManufactureCountry>IL</ManufactureCountry>
      <ManufacturerItemDescription>קרמה ג'ל רחצה</ManufacturerItemDescription>
      <UnitQty>מיליליטרים</UnitQty>
      <Quantity>700.00</Quantity>
      <bIsWeighted>0</bIsWeighted>
      <UnitOfMeasure>100 מ"ל</UnitOfMeasure>
      <QtyInPackage>0</QtyInPackage>
      <ItemPrice>15.90</ItemPrice>
      <UnitOfMeasurePrice>2.27</UnitOfMeasurePrice>
      <AllowDiscount>1</AllowDiscount>
      <ItemStatus>1</ItemStatus>
    </Item>
    <Item>
      <PriceUpdateDate>2020-10-12 22:20</PriceUpdateDate>
      <ItemCode>7290012117428</ItemCode>
      <ItemType>1</ItemType>
      <ItemName>קרמה ג'ל רח.ושמפו גבר700</ItemName>
      <ManufacturerName>קוסמופארם בע'\'\מ</ManufacturerName>
      <ManufactureCountry>IL</ManufactureCountry>
      <ManufacturerItemDescription>קרמה ג'ל רחצה</ManufacturerItemDescription>
      <UnitQty>מיליליטרים</UnitQty>
      <Quantity>700.00</Quantity>
      <bIsWeighted>0</bIsWeighted>
      <UnitOfMeasure>100 מ"ל</UnitOfMeasure>
      <QtyInPackage>0</QtyInPackage>
      <ItemPrice>15.90</ItemPrice>
      <UnitOfMeasurePrice>2.27</UnitOfMeasurePrice>
      <AllowDiscount>1</AllowDiscount>
      <ItemStatus>1</ItemStatus>
    </Item>
    <Item>
      <PriceUpdateDate>2020-10-12 22:20</PriceUpdateDate>
      <ItemCode>7290012117435</ItemCode>
      <ItemType>1</ItemType>
      <ItemName>קרמה ג'ל רחצה אלוורה700מ</ItemName>
      <ManufacturerName>קוסמופארם בע'\'\מ</ManufacturerName>
      <ManufactureCountry>IL</ManufactureCountry>
      <ManufacturerItemDescription>קרמה ג'ל רחצה</ManufacturerItemDescription>
      <UnitQty>מיליליטרים</UnitQty>
      <Quantity>700.00</Quantity>
      <bIsWeighted>0</bIsWeighted>
      <UnitOfMeasure>100 מ"ל</UnitOfMeasure>
      <QtyInPackage>0</QtyInPackage>
      <ItemPrice>15.90</ItemPrice>
      <UnitOfMeasurePrice>2.27</UnitOfMeasurePrice>
      <AllowDiscount>1</AllowDiscount>
      <ItemStatus>1</ItemStatus>
    </Item>
    <Item>
      <PriceUpdateDate>2020-10-10 19:40</PriceUpdateDate>
      <ItemCode>7290012117534</ItemCode>
      <ItemType>1</ItemType>
      <ItemName>מרכ.מקסימה ס.מרוכז קול1ל</ItemName>
      <ManufacturerName>סנו מפעלי ברונוס בע"\מ</ManufacturerName>
      <ManufactureCountry>IL</ManufactureCountry>
      <ManufacturerItemDescription>מקסימה ס.מרוכז</ManufacturerItemDescription>
      <UnitQty>ליטרים</UnitQty>
      <Quantity>1.00</Quantity>
      <bIsWeighted>0</bIsWeighted>
      <UnitOfMeasure>ליטר</UnitOfMeasure>
      <QtyInPackage>0</QtyInPackage>
      <ItemPrice>12.90</ItemPrice>
      <UnitOfMeasurePrice>12.90</UnitOfMeasurePrice>
      <AllowDiscount>1</AllowDiscount>
      <ItemStatus>1</ItemStatus>
    </Item>
    <Item>
      <PriceUpdateDate>2020-10-10 19:40</PriceUpdateDate>
      <ItemCode>7290012117558</ItemCode>
      <ItemType>1</ItemType>
      <ItemName>מרכ.מקסימה ס.מרוכז מסק1ל</ItemName>
      <ManufacturerName>סנו מפעלי ברונוס בע"\מ</ManufacturerName>
      <ManufactureCountry>IL</ManufactureCountry>
      <ManufacturerItemDescription>מקסימה ס.מרוכז</ManufacturerItemDescription>
      <UnitQty>ליטרים</UnitQty>
      <Quantity>1.00</Quantity>
      <bIsWeighted>0</bIsWeighted>
      <UnitOfMeasure>ליטר</UnitOfMeasure>
      <QtyInPackage>0</QtyInPackage>
      <ItemPrice>12.90</ItemPrice>
      <UnitOfMeasurePrice>12.90</UnitOfMeasurePrice>
      <AllowDiscount>1</AllowDiscount>
      <ItemStatus>1</ItemStatus>
    </Item>
    <Item>
      <PriceUpdateDate>2020-01-20 00:14</PriceUpdateDate>
      <ItemCode>7290012117831</ItemCode>
      <ItemType>1</ItemType>
      <ItemName>מברשת אורביטול מס' 808</ItemName>
      <ManufacturerName>קוסמופארם</ManufacturerName>
      <ManufactureCountry>CN</ManufactureCountry>
      <ManufacturerItemDescription>מברשת אורביטול</ManufacturerItemDescription>
      <UnitQty>יחידה</UnitQty>
      <Quantity>1.00</Quantity>
      <bIsWeighted>0</bIsWeighted>
      <UnitOfMeasure>יחידה</UnitOfMeasure>
      <QtyInPackage>0</QtyInPackage>
      <ItemPrice>18.90</ItemPrice>
      <UnitOfMeasurePrice>18.90</UnitOfMeasurePrice>
      <AllowDiscount>1</AllowDiscount>
      <ItemStatus>1</ItemStatus>
    </Item>
    <Item>
      <PriceUpdateDate>2020-02-02 12:55</PriceUpdateDate>
      <ItemCode>7290012350047</ItemCode>
      <ItemType>1</ItemType>
      <ItemName>מויסט ריסרב סרום 30 מל</ItemName>
      <ManufacturerName>קרליין</ManufacturerName>
      <ManufactureCountry>IL</ManufactureCountry>
      <ManufacturerItemDescription>סרום לפנים</ManufacturerItemDescription>
      <UnitQty>מיליליטרים</UnitQty>
      <Quantity>30.00</Quantity>
      <bIsWeighted>0</bIsWeighted>
      <UnitOfMeasure>100 מ"ל</UnitOfMeasure>
      <QtyInPackage>0</QtyInPackage>
      <ItemPrice>79.90</ItemPrice>
      <UnitOfMeasurePrice>266.33</UnitOfMeasurePrice>
      <AllowDiscount>1</AllowDiscount>
      <ItemStatus>1</ItemStatus>
    </Item>
    <Item>
      <PriceUpdateDate>2020-03-10 13:44</PriceUpdateDate>
      <ItemCode>7290012350658</ItemCode>
      <ItemType>1</ItemType>
      <ItemName>עפרון שפתיים עם חידוג162</ItemName>
      <ManufacturerName>קרליין</ManufacturerName>
      <ManufactureCountry />
      <ManufacturerItemDescription>עפרון שפתיים</ManufacturerItemDescription>
      <UnitQty>יחידה</UnitQty>
      <Quantity>1.00</Quantity>
      <bIsWeighted>0</bIsWeighted>
      <UnitOfMeasure>יחידה</UnitOfMeasure>
      <QtyInPackage>0</QtyInPackage>
      <ItemPrice>29.90</ItemPrice>
      <UnitOfMeasurePrice>29.90</UnitOfMeasurePrice>
      <AllowDiscount>1</AllowDiscount>
      <ItemStatus>1</ItemStatus>
    </Item>
    <Item>
      <PriceUpdateDate>2020-03-10 13:44</PriceUpdateDate>
      <ItemCode>7290012350955</ItemCode>
      <ItemType>1</ItemType>
      <ItemName>עפרון עיניים ללא חידוד</ItemName>
      <ManufacturerName>קרליין</ManufacturerName>
      <ManufactureCountry />
      <ManufacturerItemDescription>עפרון עיניים</ManufacturerItemDescription>
      <UnitQty>יחידה</UnitQty>
      <Quantity>1.00</Quantity>
      <bIsWeighted>0</bIsWeighted>
      <UnitOfMeasure>יחידה</UnitOfMeasure>
      <QtyInPackage>0</QtyInPackage>
      <ItemPrice>29.90</ItemPrice>
      <UnitOfMeasurePrice>29.90</UnitOfMeasurePrice>
      <AllowDiscount>1</AllowDiscount>
      <ItemStatus>1</ItemStatus>
    </Item>
    <Item>
      <PriceUpdateDate>2020-10-10 20:20</PriceUpdateDate>
      <ItemCode>7290012352027</ItemCode>
      <ItemType>1</ItemType>
      <ItemName>ק.לחות+שמן אגוז ברזיל400</ItemName>
      <ManufacturerName>אמיליה קוסמטיקס בע'\'\מ</ManufacturerName>
      <ManufactureCountry>IL</ManufactureCountry>
      <ManufacturerItemDescription>קרם לחות נטורל</ManufacturerItemDescription>
      <UnitQty>מיליליטרים</UnitQty>
      <Quantity>400.00</Quantity>
      <bIsWeighted>0</bIsWeighted>
      <UnitOfMeasure>100 מ"ל</UnitOfMeasure>
      <QtyInPackage>0</QtyInPackage>
      <ItemPrice>21.90</ItemPrice>
      <UnitOfMeasurePrice>5.48</UnitOfMeasurePrice>
      <AllowDiscount>1</AllowDiscount>
      <ItemStatus>1</ItemStatus>
    </Item>
    <Item>
      <PriceUpdateDate>2020-10-10 20:20</PriceUpdateDate>
      <ItemCode>7290012352034</ItemCode>
      <ItemType>1</ItemType>
      <ItemName>קרם לחות+GOשמן מקדמיה400</ItemName>
      <ManufacturerName>דנאגיס</ManufacturerName>
      <ManufactureCountry>IL</ManufactureCountry>
      <ManufacturerItemDescription>קרם לחות נטורל</ManufacturerItemDescription>
      <UnitQty>מיליליטרים</UnitQty>
      <Quantity>400.00</Quantity>
      <bIsWeighted>0</bIsWeighted>
      <UnitOfMeasure>100 מ"ל</UnitOfMeasure>
      <QtyInPackage>0</QtyInPackage>
      <ItemPrice>21.90</ItemPrice>
      <UnitOfMeasurePrice>5.48</UnitOfMeasurePrice>
      <AllowDiscount>1</AllowDiscount>
      <ItemStatus>1</ItemStatus>
    </Item>
    <Item>
      <PriceUpdateDate>2020-10-10 20:20</PriceUpdateDate>
      <ItemCode>7290012367700</ItemCode>
      <ItemType>1</ItemType>
      <ItemName>ק.גוף אפקטיב קר שיבול700</ItemName>
      <ManufacturerName>פישר מעבדות פרמצבטיות בע</ManufacturerName>
      <ManufactureCountry>IL</ManufactureCountry>
      <ManufacturerItemDescription>קרם גוף</ManufacturerItemDescription>
      <UnitQty>מיליליטרים</UnitQty>
      <Quantity>700.00</Quantity>
      <bIsWeighted>0</bIsWeighted>
      <UnitOfMeasure>100 מ"ל</UnitOfMeasure>
      <QtyInPackage>0</QtyInPackage>
      <ItemPrice>24.90</ItemPrice>
      <UnitOfMeasurePrice>3.55</UnitOfMeasurePrice>
      <AllowDiscount>1</AllowDiscount>
      <ItemStatus>1</ItemStatus>
    </Item>
    <Item>
      <PriceUpdateDate>2020-01-20 00:21</PriceUpdateDate>
      <ItemCode>7290012491368</ItemCode>
      <ItemType>1</ItemType>
      <ItemName>מגבונים אקולוגיים 72 יח</ItemName>
      <ManufacturerName>מאמי קר</ManufacturerName>
      <ManufactureCountry>IL</ManufactureCountry>
      <ManufacturerItemDescription>מגבונים מאמי קר</ManufacturerItemDescription>
      <UnitQty>יחידה</UnitQty>
      <Quantity>1.00</Quantity>
      <bIsWeighted>0</bIsWeighted>
      <UnitOfMeasure>יחידה</UnitOfMeasure>
      <QtyInPackage>0</QtyInPackage>
      <ItemPrice>12.90</ItemPrice>
      <UnitOfMeasurePrice>12.90</UnitOfMeasurePrice>
      <AllowDiscount>1</AllowDiscount>
      <ItemStatus>1</ItemStatus>
    </Item>
    <Item>
      <PriceUpdateDate>2020-10-10 21:00</PriceUpdateDate>
      <ItemCode>7290012491405</ItemCode>
      <ItemType>1</ItemType>
      <ItemName>סבון לניקוי בקבוקים מוצץ</ItemName>
      <ManufacturerName>לה קרים</ManufacturerName>
      <ManufactureCountry>IL</ManufactureCountry>
      <ManufacturerItemDescription>סבון ניקוי בקבוק</ManufacturerItemDescription>
      <UnitQty>מיליליטרים</UnitQty>
      <Quantity>230.00</Quantity>
      <bIsWeighted>0</bIsWeighted>
      <UnitOfMeasure>100 מ"ל</UnitOfMeasure>
      <QtyInPackage>0</QtyInPackage>
      <ItemPrice>17.90</ItemPrice>
      <UnitOfMeasurePrice>7.78</UnitOfMeasurePrice>
      <AllowDiscount>1</AllowDiscount>
      <ItemStatus>1</ItemStatus>
    </Item>
    <Item>
      <PriceUpdateDate>2020-02-23 15:00</PriceUpdateDate>
      <ItemCode>7290012499692</ItemCode>
      <ItemType>1</ItemType>
      <ItemName>מחזק תפוח 1 יחידה</ItemName>
      <ManufacturerName>TPOAH</ManufacturerName>
      <ManufactureCountry>IL</ManufactureCountry>
      <ManufacturerItemDescription>מחזק תפוח</ManufacturerItemDescription>
      <UnitQty>יחידה</UnitQty>
      <Quantity>1.00</Quantity>
      <bIsWeighted>0</bIsWeighted>
      <UnitOfMeasure>יחידה</UnitOfMeasure>
      <QtyInPackage>1</QtyInPackage>
      <ItemPrice>46.90</ItemPrice>
      <UnitOfMeasurePrice>46.90</UnitOfMeasurePrice>
      <AllowDiscount>1</AllowDiscount>
      <ItemStatus>1</ItemStatus>
    </Item>
    <Item>
      <PriceUpdateDate>2020-10-10 21:00</PriceUpdateDate>
      <ItemCode>7290012803352</ItemCode>
      <ItemType>1</ItemType>
      <ItemName>רייד קוטל מעופפים 300מ"ל</ItemName>
      <ManufacturerName>אס.סי.ג'\ונסון מידרכט</ManufacturerName>
      <ManufactureCountry>NL</ManufactureCountry>
      <ManufacturerItemDescription>רייד קוטל מעופפי</ManufacturerItemDescription>
      <UnitQty>מיליליטרים</UnitQty>
      <Quantity>300.00</Quantity>
      <bIsWeighted>0</bIsWeighted>
      <UnitOfMeasure>100 מ"ל</UnitOfMeasure>
      <QtyInPackage>0</QtyInPackage>
      <ItemPrice>10.00</ItemPrice>
      <UnitOfMeasurePrice>3.33</UnitOfMeasurePrice>
      <AllowDiscount>1</AllowDiscount>
      <ItemStatus>1</ItemStatus>
    </Item>
    <Item>
      <PriceUpdateDate>2020-08-27 12:13</PriceUpdateDate>
      <ItemCode>7290012823237</ItemCode>
      <ItemType>1</ItemType>
      <ItemName>תחליב רחצה קרמה בריזה700</ItemName>
      <ManufacturerName>---</ManufacturerName>
      <ManufactureCountry>IL</ManufactureCountry>
      <ManufacturerItemDescription>קרמה תחליב רחצה</ManufacturerItemDescription>
      <UnitQty>מיליליטרים</UnitQty>
      <Quantity>700.00</Quantity>
      <bIsWeighted>0</bIsWeighted>
      <UnitOfMeasure>100 מ"ל</UnitOfMeasure>
      <QtyInPackage>0</QtyInPackage>
      <ItemPrice>17.90</ItemPrice>
      <UnitOfMeasurePrice>2.56</UnitOfMeasurePrice>
      <AllowDiscount>1</AllowDiscount>
      <ItemStatus>1</ItemStatus>
    </Item>
    <Item>
      <PriceUpdateDate>2020-10-10 20:20</PriceUpdateDate>
      <ItemCode>7290012823251</ItemCode>
      <ItemType>1</ItemType>
      <ItemName>אל סבון כיף יסמין 1 ליטר</ItemName>
      <ManufacturerName>קוסמופארם בע'\'\מ</ManufacturerName>
      <ManufactureCountry>IL</ManufactureCountry>
      <ManufacturerItemDescription>אל סבון כיף</ManufacturerItemDescription>
      <UnitQty>ליטרים</UnitQty>
      <Quantity>1.00</Quantity>
      <bIsWeighted>0</bIsWeighted>
      <UnitOfMeasure>ליטר</UnitOfMeasure>
      <QtyInPackage>0</QtyInPackage>
      <ItemPrice>11.90</ItemPrice>
      <UnitOfMeasurePrice>11.90</UnitOfMeasurePrice>
      <AllowDiscount>1</AllowDiscount>
      <ItemStatus>1</ItemStatus>
    </Item>
    <Item>
      <PriceUpdateDate>2020-06-26 00:03</PriceUpdateDate>
      <ItemCode>7290012823343</ItemCode>
      <ItemType>1</ItemType>
      <ItemName>משחה אורביטול סוכריות70ג</ItemName>
      <ManufacturerName>טרופיקל דגיל תעשיות קוסמ</ManufacturerName>
      <ManufactureCountry>IL</ManufactureCountry>
      <ManufacturerItemDescription>משחת אורביטול</ManufacturerItemDescription>
      <UnitQty>גרמים</UnitQty>
      <Quantity>70.00</Quantity>
      <bIsWeighted>0</bIsWeighted>
      <UnitOfMeasure>100 גרם</UnitOfMeasure>
      <QtyInPackage>1</QtyInPackage>
      <ItemPrice>10.90</ItemPrice>
      <UnitOfMeasurePrice>15.57</UnitOfMeasurePrice>
      <AllowDiscount>1</AllowDiscount>
      <ItemStatus>1</ItemStatus>
    </Item>
    <Item>
      <PriceUpdateDate>2020-01-20 00:21</PriceUpdateDate>
      <ItemCode>7290012823374</ItemCode>
      <ItemType>1</ItemType>
      <ItemName>אנטי קאלק מטליות 50 יח'</ItemName>
      <ManufacturerName>סנו מפעלי ברונוס בעמ</ManufacturerName>
      <ManufactureCountry>IL</ManufactureCountry>
      <ManufacturerItemDescription>מטליות אנטי קאלק</ManufacturerItemDescription>
      <UnitQty>יחידה</UnitQty>
      <Quantity>1.00</Quantity>
      <bIsWeighted>0</bIsWeighted>
      <UnitOfMeasure>יחידה</UnitOfMeasure>
      <QtyInPackage>0</QtyInPackage>
      <ItemPrice>10.90</ItemPrice>
      <UnitOfMeasurePrice>10.90</UnitOfMeasurePrice>
      <AllowDiscount>1</AllowDiscount>
      <ItemStatus>1</ItemStatus>
    </Item>
    <Item>
      <PriceUpdateDate>2020-01-20 00:21</PriceUpdateDate>
      <ItemCode>7290012823398</ItemCode>
      <ItemType>1</ItemType>
      <ItemName>מטליות ריצפז ניחוח מרכך</ItemName>
      <ManufacturerName>סנו מפעלי ברונו בעמ</ManufacturerName>
      <ManufactureCountry>IL</ManufactureCountry>
      <ManufacturerItemDescription>מטליות ריצפז</ManufacturerItemDescription>
      <UnitQty>יחידה</UnitQty>
      <Quantity>1.00</Quantity>
      <bIsWeighted>0</bIsWeighted>
      <UnitOfMeasure>יחידה</UnitOfMeasure>
      <QtyInPackage>1</QtyInPackage>
      <ItemPrice>12.90</ItemPrice>
      <UnitOfMeasurePrice>12.90</UnitOfMeasurePrice>
      <AllowDiscount>1</AllowDiscount>
      <ItemStatus>1</ItemStatus>
    </Item>
    <Item>
      <PriceUpdateDate>2020-10-10 19:40</PriceUpdateDate>
      <ItemCode>7290012823558</ItemCode>
      <ItemType>1</ItemType>
      <ItemName>מטליות לחות לרצפה 10יח</ItemName>
      <ManufacturerName>סנו</ManufacturerName>
      <ManufactureCountry>IL</ManufactureCountry>
      <ManufacturerItemDescription>מטליות רצפה לחות</ManufacturerItemDescription>
      <UnitQty>יחידה</UnitQty>
      <Quantity>1.00</Quantity>
      <bIsWeighted>0</bIsWeighted>
      <UnitOfMeasure>יחידה</UnitOfMeasure>
      <QtyInPackage>0</QtyInPackage>
      <ItemPrice>7.90</ItemPrice>
      <UnitOfMeasurePrice>7.90</UnitOfMeasurePrice>
      <AllowDiscount>1</AllowDiscount>
      <ItemStatus>1</ItemStatus>
    </Item>
    <Item>
      <PriceUpdateDate>2020-01-20 00:21</PriceUpdateDate>
      <ItemCode>7290012823602</ItemCode>
      <ItemType>1</ItemType>
      <ItemName>נייר טואלט סופט לבן 32גל</ItemName>
      <ManufacturerName>מפעלי ברונוס בעמ</ManufacturerName>
      <ManufactureCountry>IL</ManufactureCountry>
      <ManufacturerItemDescription>נ.טואלט סופט לבן</ManufacturerItemDescription>
      <UnitQty>מטרים</UnitQty>
      <Quantity>588.00</Quantity>
      <bIsWeighted>0</bIsWeighted>
      <UnitOfMeasure>100 מטר</UnitOfMeasure>
      <QtyInPackage>0</QtyInPackage>
      <ItemPrice>29.90</ItemPrice>
      <UnitOfMeasurePrice>5.09</UnitOfMeasurePrice>
      <AllowDiscount>1</AllowDiscount>
      <ItemStatus>1</ItemStatus>
    </Item>
    <Item>
      <PriceUpdateDate>2020-01-20 00:14</PriceUpdateDate>
      <ItemCode>7290012938580</ItemCode>
      <ItemType>1</ItemType>
      <ItemName>מש.סנסודיין הלבנה עדינ75</ItemName>
      <ManufacturerName>גלקסוסמית'\קליין קונסיומ</ManufacturerName>
      <ManufactureCountry>GB</ManufactureCountry>
      <ManufacturerItemDescription>משחת סנסודיין</ManufacturerItemDescription>
      <UnitQty>מיליליטרים</UnitQty>
      <Quantity>75.00</Quantity>
      <bIsWeighted>0</bIsWeighted>
      <UnitOfMeasure>100 מ"ל</UnitOfMeasure>
      <QtyInPackage>0</QtyInPackage>
      <ItemPrice>18.90</ItemPrice>
      <UnitOfMeasurePrice>25.20</UnitOfMeasurePrice>
      <AllowDiscount>1</AllowDiscount>
      <ItemStatus>1</ItemStatus>
    </Item>
    <Item>
      <PriceUpdateDate>2020-01-20 00:14</PriceUpdateDate>
      <ItemCode>7290012938740</ItemCode>
      <ItemType>1</ItemType>
      <ItemName>משחת סנסודיין פרש מינט75</ItemName>
      <ManufacturerName>MICLEN DE</ManufacturerName>
      <ManufactureCountry>GB</ManufactureCountry>
      <ManufacturerItemDescription>משחת סנסודיין</ManufacturerItemDescription>
      <UnitQty>מיליליטרים</UnitQty>
      <Quantity>75.00</Quantity>
      <bIsWeighted>0</bIsWeighted>
      <UnitOfMeasure>100 מ"ל</UnitOfMeasure>
      <QtyInPackage>0</QtyInPackage>
      <ItemPrice>18.90</ItemPrice>
      <UnitOfMeasurePrice>25.20</UnitOfMeasurePrice>
      <AllowDiscount>1</AllowDiscount>
      <ItemStatus>1</ItemStatus>
    </Item>
    <Item>
      <PriceUpdateDate>2020-10-10 20:20</PriceUpdateDate>
      <ItemCode>7290012938924</ItemCode>
      <ItemType>1</ItemType>
      <ItemName>מי פה ללא אלכוהול 500 מל</ItemName>
      <ManufacturerName>MICLEN DE</ManufacturerName>
      <ManufactureCountry>GB</ManufactureCountry>
      <ManufacturerItemDescription>מי פה אקווה פרש</ManufacturerItemDescription>
      <UnitQty>מיליליטרים</UnitQty>
      <Quantity>500.00</Quantity>
      <bIsWeighted>0</bIsWeighted>
      <UnitOfMeasure>100 מ"ל</UnitOfMeasure>
      <QtyInPackage>0</QtyInPackage>
      <ItemPrice>10.00</ItemPrice>
      <UnitOfMeasurePrice>2.00</UnitOfMeasurePrice>
      <AllowDiscount>1</AllowDiscount>
      <ItemStatus>1</ItemStatus>
    </Item>
    <Item>
      <PriceUpdateDate>2020-01-20 00:21</PriceUpdateDate>
      <ItemCode>7290013083678</ItemCode>
      <ItemType>1</ItemType>
      <ItemName>מטרנה אקסטרה קר שלב2 700</ItemName>
      <ManufacturerName>מטרנה תעשיות ש.מ</ManufacturerName>
      <ManufactureCountry>IL</ManufactureCountry>
      <ManufacturerItemDescription>מטרנה אקסטרה קר</ManufacturerItemDescription>
      <UnitQty>גרמים</UnitQty>
      <Quantity>700.00</Quantity>
      <bIsWeighted>0</bIsWeighted>
      <UnitOfMeasure>100 גרם</UnitOfMeasure>
      <QtyInPackage>0</QtyInPackage>
      <ItemPrice>64.90</ItemPrice>
      <UnitOfMeasurePrice>9.27</UnitOfMeasurePrice>
      <AllowDiscount>1</AllowDiscount>
      <ItemStatus>1</ItemStatus>
    </Item>
    <Item>
      <PriceUpdateDate>2020-01-20 00:21</PriceUpdateDate>
      <ItemCode>7290013083685</ItemCode>
      <ItemType>1</ItemType>
      <ItemName>מטרנה אקסטרה קר שלב3 700</ItemName>
      <ManufacturerName>מטרנה תעשיות ש.מ</ManufacturerName>
      <ManufactureCountry>IL</ManufactureCountry>
      <ManufacturerItemDescription>מטרנה אקסטרה קר</ManufacturerItemDescription>
      <UnitQty>גרמים</UnitQty>
      <Quantity>700.00</Quantity>
      <bIsWeighted>0</bIsWeighted>
      <UnitOfMeasure>100 גרם</UnitOfMeasure>
      <QtyInPackage>0</QtyInPackage>
      <ItemPrice>64.90</ItemPrice>
      <UnitOfMeasurePrice>9.27</UnitOfMeasurePrice>
      <AllowDiscount>1</AllowDiscount>
      <ItemStatus>1</ItemStatus>
    </Item>
    <Item>
      <PriceUpdateDate>2020-01-20 00:14</PriceUpdateDate>
      <ItemCode>7290013133694</ItemCode>
      <ItemType>1</ItemType>
      <ItemName>דפילטור אורנה19 רגיש 80ג</ItemName>
      <ManufacturerName>אורנה 19</ManufacturerName>
      <ManufactureCountry>IL</ManufactureCountry>
      <ManufacturerItemDescription>דפילטור אורנה19</ManufacturerItemDescription>
      <UnitQty>גרמים</UnitQty>
      <Quantity>80.00</Quantity>
      <bIsWeighted>0</bIsWeighted>
      <UnitOfMeasure>100 גרם</UnitOfMeasure>
      <QtyInPackage>0</QtyInPackage>
      <ItemPrice>17.90</ItemPrice>
      <UnitOfMeasurePrice>22.38</UnitOfMeasurePrice>
      <AllowDiscount>1</AllowDiscount>
      <ItemStatus>1</ItemStatus>
    </Item>
    <Item>
      <PriceUpdateDate>2020-10-10 20:20</PriceUpdateDate>
      <ItemCode>7290013133816</ItemCode>
      <ItemType>1</ItemType>
      <ItemName>לבלו לגבר</ItemName>
      <ManufacturerName>לבלו</ManufacturerName>
      <ManufactureCountry>IL</ManufactureCountry>
      <ManufacturerItemDescription>לבלו לגבר</ManufacturerItemDescription>
      <UnitQty>יחידה</UnitQty>
      <Quantity>1.00</Quantity>
      <bIsWeighted>0</bIsWeighted>
      <UnitOfMeasure>יחידה</UnitOfMeasure>
      <QtyInPackage>0</QtyInPackage>
      <ItemPrice>9.90</ItemPrice>
      <UnitOfMeasurePrice>9.90</UnitOfMeasurePrice>
      <AllowDiscount>1</AllowDiscount>
      <ItemStatus>1</ItemStatus>
    </Item>
    <Item>
      <PriceUpdateDate>2020-10-10 19:40</PriceUpdateDate>
      <ItemCode>7290013268020</ItemCode>
      <ItemType>1</ItemType>
      <ItemName>מקסימה סופר מרוכז פרש 1ל</ItemName>
      <ManufacturerName>סנו מפעלי ברונוס בע"\מ</ManufacturerName>
      <ManufactureCountry>IL</ManufactureCountry>
      <ManufacturerItemDescription>מרכך כביסה</ManufacturerItemDescription>
      <UnitQty>ליטרים</UnitQty>
      <Quantity>1.00</Quantity>
      <bIsWeighted>0</bIsWeighted>
      <UnitOfMeasure>ליטר</UnitOfMeasure>
      <QtyInPackage>0</QtyInPackage>
      <ItemPrice>12.90</ItemPrice>
      <UnitOfMeasurePrice>12.90</UnitOfMeasurePrice>
      <AllowDiscount>1</AllowDiscount>
      <ItemStatus>1</ItemStatus>
    </Item>
    <Item>
      <PriceUpdateDate>2020-01-20 00:21</PriceUpdateDate>
      <ItemCode>7290013268204</ItemCode>
      <ItemType>1</ItemType>
      <ItemName>20מגבונ.לחיטוי מושב אסלה</ItemName>
      <ManufacturerName>סנו</ManufacturerName>
      <ManufactureCountry>IL</ManufactureCountry>
      <ManufacturerItemDescription>מגבונים לאסלה</ManufacturerItemDescription>
      <UnitQty>יחידה</UnitQty>
      <Quantity>1.00</Quantity>
      <bIsWeighted>0</bIsWeighted>
      <UnitOfMeasure>יחידה</UnitOfMeasure>
      <QtyInPackage>1</QtyInPackage>
      <ItemPrice>8.50</ItemPrice>
      <UnitOfMeasurePrice>8.50</UnitOfMeasurePrice>
      <AllowDiscount>1</AllowDiscount>
      <ItemStatus>1</ItemStatus>
    </Item>
    <Item>
      <PriceUpdateDate>2020-07-03 05:42</PriceUpdateDate>
      <ItemCode>7290013268242</ItemCode>
      <ItemType>1</ItemType>
      <ItemName>ריצפז פרש מלון מפנק 2 ל</ItemName>
      <ManufacturerName>סנו מפעלו ברונוס בע"\מ</ManufacturerName>
      <ManufactureCountry>IL</ManufactureCountry>
      <ManufacturerItemDescription>ריצפז פרש הום</ManufacturerItemDescription>
      <UnitQty>ליטרים</UnitQty>
      <Quantity>2.00</Quantity>
      <bIsWeighted>0</bIsWeighted>
      <UnitOfMeasure>ליטר</UnitOfMeasure>
      <QtyInPackage>1</QtyInPackage>
      <ItemPrice>22.90</ItemPrice>
      <UnitOfMeasurePrice>11.45</UnitOfMeasurePrice>
      <AllowDiscount>1</AllowDiscount>
      <ItemStatus>1</ItemStatus>
    </Item>
    <Item>
      <PriceUpdateDate>2020-10-10 20:20</PriceUpdateDate>
      <ItemCode>7290013268464</ItemCode>
      <ItemType>1</ItemType>
      <ItemName>קרם גוף קרמה מאסק 500מ"ל</ItemName>
      <ManufacturerName>קוסמופארם בע'\'\מ</ManufacturerName>
      <ManufactureCountry>IL</ManufactureCountry>
      <ManufacturerItemDescription>קרם גוף קרמה</ManufacturerItemDescription>
      <UnitQty>מיליליטרים</UnitQty>
      <Quantity>500.00</Quantity>
      <bIsWeighted>0</bIsWeighted>
      <UnitOfMeasure>100 מ"ל</UnitOfMeasure>
      <QtyInPackage>0</QtyInPackage>
      <ItemPrice>22.90</ItemPrice>
      <UnitOfMeasurePrice>4.58</UnitOfMeasurePrice>
      <AllowDiscount>1</AllowDiscount>
      <ItemStatus>1</ItemStatus>
    </Item>
    <Item>
      <PriceUpdateDate>2020-10-10 19:40</PriceUpdateDate>
      <ItemCode>7290013268884</ItemCode>
      <ItemType>1</ItemType>
      <ItemName>סנו ריצפז פרש מאסק 2ליטר</ItemName>
      <ManufacturerName>סנו מפעלי ברונוס בעמ</ManufacturerName>
      <ManufactureCountry>IL</ManufactureCountry>
      <ManufacturerItemDescription>ריצפז פרש לרצפות</ManufacturerItemDescription>
      <UnitQty>ליטרים</UnitQty>
      <Quantity>2.00</Quantity>
      <bIsWeighted>0</bIsWeighted>
      <UnitOfMeasure>ליטר</UnitOfMeasure>
      <QtyInPackage>0</QtyInPackage>
      <ItemPrice>15.90</ItemPrice>
      <UnitOfMeasurePrice>7.95</UnitOfMeasurePrice>
      <AllowDiscount>1</AllowDiscount>
      <ItemStatus>1</ItemStatus>
    </Item>
    <Item>
      <PriceUpdateDate>2020-09-17 18:58</PriceUpdateDate>
      <ItemCode>7290013268891</ItemCode>
      <ItemType>1</ItemType>
      <ItemName>אוקסיג'ן ג'ל 3ליטר</ItemName>
      <ManufacturerName>סנו</ManufacturerName>
      <ManufactureCountry>IL</ManufactureCountry>
      <ManufacturerItemDescription>אוקסיג'ן ג'ל</ManufacturerItemDescription>
      <UnitQty>ליטרים</UnitQty>
      <Quantity>3.00</Quantity>
      <bIsWeighted>0</bIsWeighted>
      <UnitOfMeasure>ליטר</UnitOfMeasure>
      <QtyInPackage>0</QtyInPackage>
      <ItemPrice>34.90</ItemPrice>
      <UnitOfMeasurePrice>11.63</UnitOfMeasurePrice>
      <AllowDiscount>1</AllowDiscount>
      <ItemStatus>1</ItemStatus>
    </Item>
    <Item>
      <PriceUpdateDate>2020-10-10 19:40</PriceUpdateDate>
      <ItemCode>7290013269003</ItemCode>
      <ItemType>1</ItemType>
      <ItemName>מקסימה מרכך בייבי 1 ליטר</ItemName>
      <ManufacturerName>סנו מפעלי ברונוס בע"\מ</ManufacturerName>
      <ManufactureCountry>IL</ManufactureCountry>
      <ManufacturerItemDescription>מקסימה מרכך</ManufacturerItemDescription>
      <UnitQty>ליטרים</UnitQty>
      <Quantity>1.00</Quantity>
      <bIsWeighted>0</bIsWeighted>
      <UnitOfMeasure>ליטר</UnitOfMeasure>
      <QtyInPackage>0</QtyInPackage>
      <ItemPrice>12.90</ItemPrice>
      <UnitOfMeasurePrice>12.90</UnitOfMeasurePrice>
      <AllowDiscount>1</AllowDiscount>
      <ItemStatus>1</ItemStatus>
    </Item>
    <Item>
      <PriceUpdateDate>2020-05-06 16:13</PriceUpdateDate>
      <ItemCode>7290013269287</ItemCode>
      <ItemType>1</ItemType>
      <ItemName>מקסימה ג'ל כביסה מאסק3ל</ItemName>
      <ManufacturerName>---</ManufacturerName>
      <ManufactureCountry>IL</ManufactureCountry>
      <ManufacturerItemDescription>ג'ל כביסה מרוכז</ManufacturerItemDescription>
      <UnitQty>ליטרים</UnitQty>
      <Quantity>3.00</Quantity>
      <bIsWeighted>0</bIsWeighted>
      <UnitOfMeasure>ליטר</UnitOfMeasure>
      <QtyInPackage>0</QtyInPackage>
      <ItemPrice>34.90</ItemPrice>
      <UnitOfMeasurePrice>11.63</UnitOfMeasurePrice>
      <AllowDiscount>1</AllowDiscount>
      <ItemStatus>1</ItemStatus>
    </Item>
    <Item>
      <PriceUpdateDate>2020-10-10 20:20</PriceUpdateDate>
      <ItemCode>7290013269560</ItemCode>
      <ItemType>1</ItemType>
      <ItemName>קרמה תחליב רחצה מאסק750מ</ItemName>
      <ManufacturerName>קוסמופארם בע'\'\מ</ManufacturerName>
      <ManufactureCountry>IL</ManufactureCountry>
      <ManufacturerItemDescription>קרמה תחליב רחצה</ManufacturerItemDescription>
      <UnitQty>מיליליטרים</UnitQty>
      <Quantity>750.00</Quantity>
      <bIsWeighted>0</bIsWeighted>
      <UnitOfMeasure>100 מ"ל</UnitOfMeasure>
      <QtyInPackage>0</QtyInPackage>
      <ItemPrice>15.90</ItemPrice>
      <UnitOfMeasurePrice>2.12</UnitOfMeasurePrice>
      <AllowDiscount>1</AllowDiscount>
      <ItemStatus>1</ItemStatus>
    </Item>
    <Item>
      <PriceUpdateDate>2020-01-20 00:21</PriceUpdateDate>
      <ItemCode>7290013269645</ItemCode>
      <ItemType>1</ItemType>
      <ItemName>מטליות ריצפז</ItemName>
      <ManufacturerName />
      <ManufactureCountry>IL</ManufactureCountry>
      <ManufacturerItemDescription>מטליות ריצפז</ManufacturerItemDescription>
      <UnitQty>יחידה</UnitQty>
      <Quantity>1.00</Quantity>
      <bIsWeighted>0</bIsWeighted>
      <UnitOfMeasure>יחידה</UnitOfMeasure>
      <QtyInPackage>0</QtyInPackage>
      <ItemPrice>12.90</ItemPrice>
      <UnitOfMeasurePrice>12.90</UnitOfMeasurePrice>
      <AllowDiscount>1</AllowDiscount>
      <ItemStatus>1</ItemStatus>
    </Item>
    <Item>
      <PriceUpdateDate>2020-01-20 00:21</PriceUpdateDate>
      <ItemCode>7290013269751</ItemCode>
      <ItemType>1</ItemType>
      <ItemName>10מטליות ריצפז מל.בוטיק</ItemName>
      <ManufacturerName>סנו, ח.צ 520032988</ManufacturerName>
      <ManufactureCountry>IL</ManufactureCountry>
      <ManufacturerItemDescription>מטליות ריצפז</ManufacturerItemDescription>
      <UnitQty>יחידה</UnitQty>
      <Quantity>1.00</Quantity>
      <bIsWeighted>0</bIsWeighted>
      <UnitOfMeasure>יחידה</UnitOfMeasure>
      <QtyInPackage>1</QtyInPackage>
      <ItemPrice>12.90</ItemPrice>
      <UnitOfMeasurePrice>12.90</UnitOfMeasurePrice>
      <AllowDiscount>1</AllowDiscount>
      <ItemStatus>1</ItemStatus>
    </Item>
    <Item>
      <PriceUpdateDate>2020-10-10 21:00</PriceUpdateDate>
      <ItemCode>7290013412195</ItemCode>
      <ItemType>1</ItemType>
      <ItemName>חיתולי אקסטרא סטרונג S</ItemName>
      <ManufacturerName>DPL פרומדיקו</ManufacturerName>
      <ManufactureCountry>IL</ManufactureCountry>
      <ManufacturerItemDescription>חיתולי אקסטרא סט</ManufacturerItemDescription>
      <UnitQty>יחידה</UnitQty>
      <Quantity>1.00</Quantity>
      <bIsWeighted>0</bIsWeighted>
      <UnitOfMeasure>יחידה</UnitOfMeasure>
      <QtyInPackage>0</QtyInPackage>
      <ItemPrice>44.90</ItemPrice>
      <UnitOfMeasurePrice>44.90</UnitOfMeasurePrice>
      <AllowDiscount>1</AllowDiscount>
      <ItemStatus>1</ItemStatus>
    </Item>
    <Item>
      <PriceUpdateDate>2020-10-10 21:00</PriceUpdateDate>
      <ItemCode>7290013412300</ItemCode>
      <ItemType>1</ItemType>
      <ItemName>15חיתולי סופט אול נייטL</ItemName>
      <ManufacturerName>DPLבע"מ</ManufacturerName>
      <ManufactureCountry>IL</ManufactureCountry>
      <ManufacturerItemDescription>חיתולי נועם</ManufacturerItemDescription>
      <UnitQty>יחידה</UnitQty>
      <Quantity>1.00</Quantity>
      <bIsWeighted>0</bIsWeighted>
      <UnitOfMeasure>יחידה</UnitOfMeasure>
      <QtyInPackage>0</QtyInPackage>
      <ItemPrice>49.90</ItemPrice>
      <UnitOfMeasurePrice>49.90</UnitOfMeasurePrice>
      <AllowDiscount>1</AllowDiscount>
      <ItemStatus>1</ItemStatus>
    </Item>
    <Item>
      <PriceUpdateDate>2020-03-22 11:54</PriceUpdateDate>
      <ItemCode>7290013412317</ItemCode>
      <ItemType>1</ItemType>
      <ItemName>15חיתול סופט אול נייט XL</ItemName>
      <ManufacturerName>DPLבע"מ</ManufacturerName>
      <ManufactureCountry>IL</ManufactureCountry>
      <ManufacturerItemDescription>חיתולי נועם</ManufacturerItemDescription>
      <UnitQty>יחידה</UnitQty>
      <Quantity>1.00</Quantity>
      <bIsWeighted>0</bIsWeighted>
      <UnitOfMeasure>יחידה</UnitOfMeasure>
      <QtyInPackage>0</QtyInPackage>
      <ItemPrice>65.90</ItemPrice>
      <UnitOfMeasurePrice>65.90</UnitOfMeasurePrice>
      <AllowDiscount>1</AllowDiscount>
      <ItemStatus>1</ItemStatus>
    </Item>
    <Item>
      <PriceUpdateDate>2020-03-22 11:54</PriceUpdateDate>
      <ItemCode>7290013412409</ItemCode>
      <ItemType>1</ItemType>
      <ItemName>נועם סופגנית 15-FREE</ItemName>
      <ManufacturerName>DPLבע"מ</ManufacturerName>
      <ManufactureCountry>IL</ManufactureCountry>
      <ManufacturerItemDescription>נועם סופגנית 15</ManufacturerItemDescription>
      <UnitQty>יחידה</UnitQty>
      <Quantity>1.00</Quantity>
      <bIsWeighted>0</bIsWeighted>
      <UnitOfMeasure>יחידה</UnitOfMeasure>
      <QtyInPackage>1</QtyInPackage>
      <ItemPrice>15.90</ItemPrice>
      <UnitOfMeasurePrice>15.90</UnitOfMeasurePrice>
      <AllowDiscount>1</AllowDiscount>
      <ItemStatus>1</ItemStatus>
    </Item>
    <Item>
      <PriceUpdateDate>2020-01-20 00:09</PriceUpdateDate>
      <ItemCode>7290013608550</ItemCode>
      <ItemType>1</ItemType>
      <ItemName>נקטר תפוזים פרימור 1ליטר</ItemName>
      <ManufacturerName>גניר</ManufacturerName>
      <ManufactureCountry>IL</ManufactureCountry>
      <ManufacturerItemDescription>נקטר תפוזים</ManufacturerItemDescription>
      <UnitQty>ליטרים</UnitQty>
      <Quantity>1.00</Quantity>
      <bIsWeighted>0</bIsWeighted>
      <UnitOfMeasure>ליטר</UnitOfMeasure>
      <QtyInPackage>1</QtyInPackage>
      <ItemPrice>7.90</ItemPrice>
      <UnitOfMeasurePrice>7.90</UnitOfMeasurePrice>
      <AllowDiscount>1</AllowDiscount>
      <ItemStatus>1</ItemStatus>
    </Item>
    <Item>
      <PriceUpdateDate>2020-01-20 00:09</PriceUpdateDate>
      <ItemCode>7290013608673</ItemCode>
      <ItemType>1</ItemType>
      <ItemName>נקטר תפוחי עץ פרימור 1 ל</ItemName>
      <ManufacturerName>גניר</ManufacturerName>
      <ManufactureCountry>IL</ManufactureCountry>
      <ManufacturerItemDescription>נקטר תפו"ע</ManufacturerItemDescription>
      <UnitQty>ליטרים</UnitQty>
      <Quantity>1.00</Quantity>
      <bIsWeighted>0</bIsWeighted>
      <UnitOfMeasure>ליטר</UnitOfMeasure>
      <QtyInPackage>1</QtyInPackage>
      <ItemPrice>7.90</ItemPrice>
      <UnitOfMeasurePrice>7.90</UnitOfMeasurePrice>
      <AllowDiscount>1</AllowDiscount>
      <ItemStatus>1</ItemStatus>
    </Item>
    <Item>
      <PriceUpdateDate>2020-01-20 00:13</PriceUpdateDate>
      <ItemCode>7290013652157</ItemCode>
      <ItemType>1</ItemType>
      <ItemName>מגב.מסירי איפור רגיל30*3</ItemName>
      <ManufacturerName>פישר מעבדות פרמצבטיות בע</ManufacturerName>
      <ManufactureCountry>IL</ManufactureCountry>
      <ManufacturerItemDescription>מגבונים 3 יח</ManufacturerItemDescription>
      <UnitQty>יחידה</UnitQty>
      <Quantity>1.00</Quantity>
      <bIsWeighted>0</bIsWeighted>
      <UnitOfMeasure>יחידה</UnitOfMeasure>
      <QtyInPackage>0</QtyInPackage>
      <ItemPrice>24.90</ItemPrice>
      <UnitOfMeasurePrice>24.90</UnitOfMeasurePrice>
      <AllowDiscount>1</AllowDiscount>
      <ItemStatus>1</ItemStatus>
    </Item>
    <Item>
      <PriceUpdateDate>2020-01-20 00:21</PriceUpdateDate>
      <ItemCode>7290013652164</ItemCode>
      <ItemType>1</ItemType>
      <ItemName>מגבונים להסרת איפור</ItemName>
      <ManufacturerName>פישר מעבדות פרמצבטיות בע</ManufacturerName>
      <ManufactureCountry>IL</ManufactureCountry>
      <ManufacturerItemDescription>GENESIS מגבונים</ManufacturerItemDescription>
      <UnitQty>יחידה</UnitQty>
      <Quantity>1.00</Quantity>
      <bIsWeighted>0</bIsWeighted>
      <UnitOfMeasure>יחידה</UnitOfMeasure>
      <QtyInPackage>0</QtyInPackage>
      <ItemPrice>24.90</ItemPrice>
      <UnitOfMeasurePrice>24.90</UnitOfMeasurePrice>
      <AllowDiscount>1</AllowDiscount>
      <ItemStatus>1</ItemStatus>
    </Item>
    <Item>
      <PriceUpdateDate>2020-01-20 00:21</PriceUpdateDate>
      <ItemCode>7290013652171</ItemCode>
      <ItemType>1</ItemType>
      <ItemName>מגבונים להסרת איפור שמן</ItemName>
      <ManufacturerName>פישר מעבדות פרמצבטיות</ManufacturerName>
      <ManufactureCountry>IL</ManufactureCountry>
      <ManufacturerItemDescription>שלישיית מגובונים</ManufacturerItemDescription>
      <UnitQty>יחידה</UnitQty>
      <Quantity>1.00</Quantity>
      <bIsWeighted>0</bIsWeighted>
      <UnitOfMeasure>יחידה</UnitOfMeasure>
      <QtyInPackage>0</QtyInPackage>
      <ItemPrice>24.90</ItemPrice>
      <UnitOfMeasurePrice>24.90</UnitOfMeasurePrice>
      <AllowDiscount>1</AllowDiscount>
      <ItemStatus>1</ItemStatus>
    </Item>
    <Item>
      <PriceUpdateDate>2020-01-20 00:21</PriceUpdateDate>
      <ItemCode>7290013652645</ItemCode>
      <ItemType>1</ItemType>
      <ItemName>משחה טיפולית100 גרם</ItemName>
      <ManufacturerName>פישר מעבדות פרמצבטיות בע</ManufacturerName>
      <ManufactureCountry>IL</ManufactureCountry>
      <ManufacturerItemDescription>משחה טיפולית</ManufacturerItemDescription>
      <UnitQty>גרמים</UnitQty>
      <Quantity>100.00</Quantity>
      <bIsWeighted>0</bIsWeighted>
      <UnitOfMeasure>100 גרם</UnitOfMeasure>
      <QtyInPackage>0</QtyInPackage>
      <ItemPrice>33.90</ItemPrice>
      <UnitOfMeasurePrice>33.90</UnitOfMeasurePrice>
      <AllowDiscount>1</AllowDiscount>
      <ItemStatus>1</ItemStatus>
    </Item>
    <Item>
      <PriceUpdateDate>2020-01-20 00:14</PriceUpdateDate>
      <ItemCode>7290013652829</ItemCode>
      <ItemType>1</ItemType>
      <ItemName>ק.ידיים נטורל קר י"מ 150</ItemName>
      <ManufacturerName>פישר מעבדות פרמצבטיות</ManufacturerName>
      <ManufactureCountry />
      <ManufacturerItemDescription>קרם ידיים נטורל</ManufacturerItemDescription>
      <UnitQty>מיליליטרים</UnitQty>
      <Quantity>150.00</Quantity>
      <bIsWeighted>0</bIsWeighted>
      <UnitOfMeasure>100 מ"ל</UnitOfMeasure>
      <QtyInPackage>0</QtyInPackage>
      <ItemPrice>13.90</ItemPrice>
      <UnitOfMeasurePrice>9.27</UnitOfMeasurePrice>
      <AllowDiscount>1</AllowDiscount>
      <ItemStatus>1</ItemStatus>
    </Item>
    <Item>
      <PriceUpdateDate>2020-01-20 00:21</PriceUpdateDate>
      <ItemCode>7290013756343</ItemCode>
      <ItemType>1</ItemType>
      <ItemName>משחה לאמהות מניקות</ItemName>
      <ManufacturerName>טטא</ManufacturerName>
      <ManufactureCountry />
      <ManufacturerItemDescription>משחת לנסינו</ManufacturerItemDescription>
      <UnitQty>גרמים</UnitQty>
      <Quantity>40.00</Quantity>
      <bIsWeighted>0</bIsWeighted>
      <UnitOfMeasure>100 גרם</UnitOfMeasure>
      <QtyInPackage>0</QtyInPackage>
      <ItemPrice>63.90</ItemPrice>
      <UnitOfMeasurePrice>159.75</UnitOfMeasurePrice>
      <AllowDiscount>1</AllowDiscount>
      <ItemStatus>1</ItemStatus>
    </Item>
    <Item>
      <PriceUpdateDate>2020-01-20 00:21</PriceUpdateDate>
      <ItemCode>7290013848345</ItemCode>
      <ItemType>1</ItemType>
      <ItemName>מטליות לחיטוי 50*3 יח'</ItemName>
      <ManufacturerName>סנו מפעלי ברונוס בעמ</ManufacturerName>
      <ManufactureCountry>IL</ManufactureCountry>
      <ManufacturerItemDescription>מטליות ניקוי 3יח</ManufacturerItemDescription>
      <UnitQty>יחידה</UnitQty>
      <Quantity>1.00</Quantity>
      <bIsWeighted>0</bIsWeighted>
      <UnitOfMeasure>יחידה</UnitOfMeasure>
      <QtyInPackage>1</QtyInPackage>
      <ItemPrice>22.90</ItemPrice>
      <UnitOfMeasurePrice>22.90</UnitOfMeasurePrice>
      <AllowDiscount>1</AllowDiscount>
      <ItemStatus>1</ItemStatus>
    </Item>
    <Item>
      <PriceUpdateDate>2020-10-12 22:20</PriceUpdateDate>
      <ItemCode>7290013848383</ItemCode>
      <ItemType>1</ItemType>
      <ItemName>קמה מן ג'ל רחצה אקטיב700</ItemName>
      <ManufacturerName>קוסמופארם בע'\'\מ</ManufacturerName>
      <ManufactureCountry>IL</ManufactureCountry>
      <ManufacturerItemDescription>ג'ל רחצה קרמה מן</ManufacturerItemDescription>
      <UnitQty>מיליליטרים</UnitQty>
      <Quantity>700.00</Quantity>
      <bIsWeighted>0</bIsWeighted>
      <UnitOfMeasure>100 מ"ל</UnitOfMeasure>
      <QtyInPackage>0</QtyInPackage>
      <ItemPrice>15.90</ItemPrice>
      <UnitOfMeasurePrice>2.27</UnitOfMeasurePrice>
      <AllowDiscount>1</AllowDiscount>
      <ItemStatus>1</ItemStatus>
    </Item>
    <Item>
      <PriceUpdateDate>2020-10-10 20:20</PriceUpdateDate>
      <ItemCode>7290013848420</ItemCode>
      <ItemType>1</ItemType>
      <ItemName>דאו.קרמה מן ג'ל אקטיב 70</ItemName>
      <ManufacturerName>קוסמופארם</ManufacturerName>
      <ManufactureCountry>IL</ManufactureCountry>
      <ManufacturerItemDescription>דאו.קרמה מן</ManufacturerItemDescription>
      <UnitQty>מיליליטרים</UnitQty>
      <Quantity>70.00</Quantity>
      <bIsWeighted>0</bIsWeighted>
      <UnitOfMeasure>100 מ"ל</UnitOfMeasure>
      <QtyInPackage>0</QtyInPackage>
      <ItemPrice>15.90</ItemPrice>
      <UnitOfMeasurePrice>22.72</UnitOfMeasurePrice>
      <AllowDiscount>1</AllowDiscount>
      <ItemStatus>1</ItemStatus>
    </Item>
    <Item>
      <PriceUpdateDate>2020-10-12 22:20</PriceUpdateDate>
      <ItemCode>7290013848970</ItemCode>
      <ItemType>1</ItemType>
      <ItemName>דאו.קרמה ספריי קלאס150מ</ItemName>
      <ManufacturerName>קוסמופארם</ManufacturerName>
      <ManufactureCountry>IL</ManufactureCountry>
      <ManufacturerItemDescription>דאודורנט קרמה</ManufacturerItemDescription>
      <UnitQty>מיליליטרים</UnitQty>
      <Quantity>150.00</Quantity>
      <bIsWeighted>0</bIsWeighted>
      <UnitOfMeasure>100 מ"ל</UnitOfMeasure>
      <QtyInPackage>0</QtyInPackage>
      <ItemPrice>11.90</ItemPrice>
      <UnitOfMeasurePrice>7.94</UnitOfMeasurePrice>
      <AllowDiscount>1</AllowDiscount>
      <ItemStatus>1</ItemStatus>
    </Item>
    <Item>
      <PriceUpdateDate>2020-10-12 22:20</PriceUpdateDate>
      <ItemCode>7290013848994</ItemCode>
      <ItemType>1</ItemType>
      <ItemName>קרמה ספריי אורכידאה 150מ</ItemName>
      <ManufacturerName>קוסמופארם</ManufacturerName>
      <ManufactureCountry>IL</ManufactureCountry>
      <ManufacturerItemDescription>דאודורנט קרמה</ManufacturerItemDescription>
      <UnitQty>מיליליטרים</UnitQty>
      <Quantity>150.00</Quantity>
      <bIsWeighted>0</bIsWeighted>
      <UnitOfMeasure>100 מ"ל</UnitOfMeasure>
      <QtyInPackage>0</QtyInPackage>
      <ItemPrice>11.90</ItemPrice>
      <UnitOfMeasurePrice>7.94</UnitOfMeasurePrice>
      <AllowDiscount>1</AllowDiscount>
      <ItemStatus>1</ItemStatus>
    </Item>
    <Item>
      <PriceUpdateDate>2020-10-10 20:20</PriceUpdateDate>
      <ItemCode>7290014059085</ItemCode>
      <ItemType>1</ItemType>
      <ItemName>משחת סנסודיין לשיקום75מ</ItemName>
      <ManufacturerName>MICLEN DE</ManufacturerName>
      <ManufactureCountry>GB</ManufactureCountry>
      <ManufacturerItemDescription>משחת סנסודיין</ManufacturerItemDescription>
      <UnitQty>מיליליטרים</UnitQty>
      <Quantity>75.00</Quantity>
      <bIsWeighted>0</bIsWeighted>
      <UnitOfMeasure>100 מ"ל</UnitOfMeasure>
      <QtyInPackage>0</QtyInPackage>
      <ItemPrice>17.90</ItemPrice>
      <UnitOfMeasurePrice>23.87</UnitOfMeasurePrice>
      <AllowDiscount>1</AllowDiscount>
      <ItemStatus>1</ItemStatus>
    </Item>
    <Item>
      <PriceUpdateDate>2020-10-10 20:20</PriceUpdateDate>
      <ItemCode>7290014059436</ItemCode>
      <ItemType>1</ItemType>
      <ItemName>משחת סנסודיין לשיקום75מ</ItemName>
      <ManufacturerName>MICLEN DE</ManufacturerName>
      <ManufactureCountry>GB</ManufactureCountry>
      <ManufacturerItemDescription>משחת סנסודיין</ManufacturerItemDescription>
      <UnitQty>מיליליטרים</UnitQty>
      <Quantity>75.00</Quantity>
      <bIsWeighted>0</bIsWeighted>
      <UnitOfMeasure>100 מ"ל</UnitOfMeasure>
      <QtyInPackage>0</QtyInPackage>
      <ItemPrice>17.90</ItemPrice>
      <UnitOfMeasurePrice>23.87</UnitOfMeasurePrice>
      <AllowDiscount>1</AllowDiscount>
      <ItemStatus>1</ItemStatus>
    </Item>
    <Item>
      <PriceUpdateDate>2020-01-20 00:14</PriceUpdateDate>
      <ItemCode>7290014204478</ItemCode>
      <ItemType>1</ItemType>
      <ItemName>קרם גוף פנינה מס4' 340 מ</ItemName>
      <ManufacturerName>א.ל ארמן</ManufacturerName>
      <ManufactureCountry>IL</ManufactureCountry>
      <ManufacturerItemDescription>קרם גוף פנינה</ManufacturerItemDescription>
      <UnitQty>מיליליטרים</UnitQty>
      <Quantity>340.00</Quantity>
      <bIsWeighted>0</bIsWeighted>
      <UnitOfMeasure>100 מ"ל</UnitOfMeasure>
      <QtyInPackage>0</QtyInPackage>
      <ItemPrice>27.90</ItemPrice>
      <UnitOfMeasurePrice>8.21</UnitOfMeasurePrice>
      <AllowDiscount>1</AllowDiscount>
      <ItemStatus>1</ItemStatus>
    </Item>
    <Item>
      <PriceUpdateDate>2020-01-20 00:21</PriceUpdateDate>
      <ItemCode>7290014258914</ItemCode>
      <ItemType>1</ItemType>
      <ItemName>מטרנה אקסטרה קר קומפ700</ItemName>
      <ManufacturerName>נסטלה</ManufacturerName>
      <ManufactureCountry>IL</ManufactureCountry>
      <ManufacturerItemDescription>מטרנה קומפורט</ManufacturerItemDescription>
      <UnitQty>גרמים</UnitQty>
      <Quantity>700.00</Quantity>
      <bIsWeighted>0</bIsWeighted>
      <UnitOfMeasure>100 גרם</UnitOfMeasure>
      <QtyInPackage>1</QtyInPackage>
      <ItemPrice>69.90</ItemPrice>
      <UnitOfMeasurePrice>9.99</UnitOfMeasurePrice>
      <AllowDiscount>1</AllowDiscount>
      <ItemStatus>1</ItemStatus>
    </Item>
    <Item>
      <PriceUpdateDate>2020-01-20 00:21</PriceUpdateDate>
      <ItemCode>7290014258921</ItemCode>
      <ItemType>1</ItemType>
      <ItemName>מטרנה אקסטרה קר A.R 400</ItemName>
      <ManufacturerName>מטרנה תעשיות ש.מ</ManufacturerName>
      <ManufactureCountry>IL</ManufactureCountry>
      <ManufacturerItemDescription>מטרנה</ManufacturerItemDescription>
      <UnitQty>גרמים</UnitQty>
      <Quantity>400.00</Quantity>
      <bIsWeighted>0</bIsWeighted>
      <UnitOfMeasure>100 גרם</UnitOfMeasure>
      <QtyInPackage>1</QtyInPackage>
      <ItemPrice>44.90</ItemPrice>
      <UnitOfMeasurePrice>11.23</UnitOfMeasurePrice>
      <AllowDiscount>1</AllowDiscount>
      <ItemStatus>1</ItemStatus>
    </Item>
    <Item>
      <PriceUpdateDate>2020-01-20 00:21</PriceUpdateDate>
      <ItemCode>7290014397507</ItemCode>
      <ItemType>1</ItemType>
      <ItemName>סנופרש מאסק מעוד</ItemName>
      <ManufacturerName />
      <ManufactureCountry>IL</ManufactureCountry>
      <ManufacturerItemDescription>סנופרש מאסק מעוד</ManufacturerItemDescription>
      <UnitQty>מיליליטרים</UnitQty>
      <Quantity>350.00</Quantity>
      <bIsWeighted>0</bIsWeighted>
      <UnitOfMeasure>100 מ"ל</UnitOfMeasure>
      <QtyInPackage>0</QtyInPackage>
      <ItemPrice>12.90</ItemPrice>
      <UnitOfMeasurePrice>3.69</UnitOfMeasurePrice>
      <AllowDiscount>1</AllowDiscount>
      <ItemStatus>1</ItemStatus>
    </Item>
    <Item>
      <PriceUpdateDate>2020-01-20 00:21</PriceUpdateDate>
      <ItemCode>7290014397514</ItemCode>
      <ItemType>1</ItemType>
      <ItemName>סנופרש כותנה</ItemName>
      <ManufacturerName />
      <ManufactureCountry>IL</ManufactureCountry>
      <ManufacturerItemDescription>סנופרש כותנה</ManufacturerItemDescription>
      <UnitQty>מיליליטרים</UnitQty>
      <Quantity>350.00</Quantity>
      <bIsWeighted>0</bIsWeighted>
      <UnitOfMeasure>100 מ"ל</UnitOfMeasure>
      <QtyInPackage>0</QtyInPackage>
      <ItemPrice>12.90</ItemPrice>
      <UnitOfMeasurePrice>3.69</UnitOfMeasurePrice>
      <AllowDiscount>1</AllowDiscount>
      <ItemStatus>1</ItemStatus>
    </Item>
    <Item>
      <PriceUpdateDate>2020-03-04 15:34</PriceUpdateDate>
      <ItemCode>7290014397842</ItemCode>
      <ItemType>1</ItemType>
      <ItemName>סנומט סמארט 90 לילות</ItemName>
      <ManufacturerName>סנו</ManufacturerName>
      <ManufactureCountry>IT</ManufactureCountry>
      <ManufacturerItemDescription>סנומט סמארט</ManufacturerItemDescription>
      <UnitQty>יחידה</UnitQty>
      <Quantity>1.00</Quantity>
      <bIsWeighted>0</bIsWeighted>
      <UnitOfMeasure>יחידה</UnitOfMeasure>
      <QtyInPackage>1</QtyInPackage>
      <ItemPrice>39.90</ItemPrice>
      <UnitOfMeasurePrice>39.90</UnitOfMeasurePrice>
      <AllowDiscount>1</AllowDiscount>
      <ItemStatus>1</ItemStatus>
    </Item>
    <Item>
      <PriceUpdateDate>2020-01-20 00:14</PriceUpdateDate>
      <ItemCode>7290014426061</ItemCode>
      <ItemType>1</ItemType>
      <ItemName>משחת שיניים הלו קיטי50מ</ItemName>
      <ManufacturerName>(SALA  (CTS</ManufacturerName>
      <ManufactureCountry>IL</ManufactureCountry>
      <ManufacturerItemDescription>משחת שיניים</ManufacturerItemDescription>
      <UnitQty>מיליליטרים</UnitQty>
      <Quantity>50.00</Quantity>
      <bIsWeighted>0</bIsWeighted>
      <UnitOfMeasure>100 מ"ל</UnitOfMeasure>
      <QtyInPackage>0</QtyInPackage>
      <ItemPrice>10.90</ItemPrice>
      <UnitOfMeasurePrice>21.80</UnitOfMeasurePrice>
      <AllowDiscount>1</AllowDiscount>
      <ItemStatus>1</ItemStatus>
    </Item>
    <Item>
      <PriceUpdateDate>2020-01-20 00:14</PriceUpdateDate>
      <ItemCode>7290014547322</ItemCode>
      <ItemType>1</ItemType>
      <ItemName>סנסודיין מברשות שינים2יח</ItemName>
      <ManufacturerName>סנסודין</ManufacturerName>
      <ManufactureCountry>CN</ManufactureCountry>
      <ManufacturerItemDescription>מברשות שיניים2יח</ManufacturerItemDescription>
      <UnitQty>יחידה</UnitQty>
      <Quantity>1.00</Quantity>
      <bIsWeighted>0</bIsWeighted>
      <UnitOfMeasure>יחידה</UnitOfMeasure>
      <QtyInPackage>0</QtyInPackage>
      <ItemPrice>38.90</ItemPrice>
      <UnitOfMeasurePrice>38.90</UnitOfMeasurePrice>
      <AllowDiscount>1</AllowDiscount>
      <ItemStatus>1</ItemStatus>
    </Item>
    <Item>
      <PriceUpdateDate>2020-10-10 20:20</PriceUpdateDate>
      <ItemCode>7290014547353</ItemCode>
      <ItemType>1</ItemType>
      <ItemName>2מברשות סנסודיין דואלק</ItemName>
      <ManufacturerName>L Co., Industrial Shummi</ManufacturerName>
      <ManufactureCountry>CN</ManufactureCountry>
      <ManufacturerItemDescription>2 מברשו סנסודיין</ManufacturerItemDescription>
      <UnitQty>יחידה</UnitQty>
      <Quantity>1.00</Quantity>
      <bIsWeighted>0</bIsWeighted>
      <UnitOfMeasure>יחידה</UnitOfMeasure>
      <QtyInPackage>1</QtyInPackage>
      <ItemPrice>19.90</ItemPrice>
      <UnitOfMeasurePrice>19.90</UnitOfMeasurePrice>
      <AllowDiscount>1</AllowDiscount>
      <ItemStatus>1</ItemStatus>
    </Item>
    <Item>
      <PriceUpdateDate>2020-01-20 00:14</PriceUpdateDate>
      <ItemCode>7290014547377</ItemCode>
      <ItemType>1</ItemType>
      <ItemName>מברשת סנסודיין קלין &amp;פרש</ItemName>
      <ManufacturerName>גלקסוסמיתקליין</ManufacturerName>
      <ManufactureCountry>CN</ManufactureCountry>
      <ManufacturerItemDescription>מברשת סנסודיין</ManufacturerItemDescription>
      <UnitQty>יחידה</UnitQty>
      <Quantity>1.00</Quantity>
      <bIsWeighted>0</bIsWeighted>
      <UnitOfMeasure>יחידה</UnitOfMeasure>
      <QtyInPackage>1</QtyInPackage>
      <ItemPrice>19.90</ItemPrice>
      <UnitOfMeasurePrice>19.90</UnitOfMeasurePrice>
      <AllowDiscount>1</AllowDiscount>
      <ItemStatus>1</ItemStatus>
    </Item>
    <Item>
      <PriceUpdateDate>2020-10-10 21:00</PriceUpdateDate>
      <ItemCode>7290014855403</ItemCode>
      <ItemType>1</ItemType>
      <ItemName>15חיתולי אקסטרה סטרונג M</ItemName>
      <ManufacturerName>OTC דקסון</ManufacturerName>
      <ManufactureCountry>IL</ManufactureCountry>
      <ManufacturerItemDescription>חיתולי נועם</ManufacturerItemDescription>
      <UnitQty>יחידה</UnitQty>
      <Quantity>1.00</Quantity>
      <bIsWeighted>0</bIsWeighted>
      <UnitOfMeasure>יחידה</UnitOfMeasure>
      <QtyInPackage>0</QtyInPackage>
      <ItemPrice>44.90</ItemPrice>
      <UnitOfMeasurePrice>44.90</UnitOfMeasurePrice>
      <AllowDiscount>1</AllowDiscount>
      <ItemStatus>1</ItemStatus>
    </Item>
    <Item>
      <PriceUpdateDate>2020-01-20 00:21</PriceUpdateDate>
      <ItemCode>7290014855434</ItemCode>
      <ItemType>1</ItemType>
      <ItemName>מגבו.בייביסיטר מבושם72*4</ItemName>
      <ManufacturerName>די.פי.אל</ManufacturerName>
      <ManufactureCountry>IL</ManufactureCountry>
      <ManufacturerItemDescription>מגבונים לחים 4יח</ManufacturerItemDescription>
      <UnitQty>יחידה</UnitQty>
      <Quantity>1.00</Quantity>
      <bIsWeighted>0</bIsWeighted>
      <UnitOfMeasure>יחידה</UnitOfMeasure>
      <QtyInPackage>1</QtyInPackage>
      <ItemPrice>18.90</ItemPrice>
      <UnitOfMeasurePrice>18.90</UnitOfMeasurePrice>
      <AllowDiscount>1</AllowDiscount>
      <ItemStatus>1</ItemStatus>
    </Item>
    <Item>
      <PriceUpdateDate>2020-01-20 00:21</PriceUpdateDate>
      <ItemCode>7290014855458</ItemCode>
      <ItemType>1</ItemType>
      <ItemName>מגבונ.ללא בישום 72*4יח</ItemName>
      <ManufacturerName>די.פי.אל</ManufacturerName>
      <ManufactureCountry>IL</ManufactureCountry>
      <ManufacturerItemDescription>מגבונים לחים 4יח</ManufacturerItemDescription>
      <UnitQty>יחידה</UnitQty>
      <Quantity>1.00</Quantity>
      <bIsWeighted>0</bIsWeighted>
      <UnitOfMeasure>יחידה</UnitOfMeasure>
      <QtyInPackage>1</QtyInPackage>
      <ItemPrice>18.90</ItemPrice>
      <UnitOfMeasurePrice>18.90</UnitOfMeasurePrice>
      <AllowDiscount>1</AllowDiscount>
      <ItemStatus>1</ItemStatus>
    </Item>
    <Item>
      <PriceUpdateDate>2020-05-06 16:13</PriceUpdateDate>
      <ItemCode>7290014855731</ItemCode>
      <ItemType>1</ItemType>
      <ItemName>מגבונים למבוגרים XXL</ItemName>
      <ManufacturerName>DPL פרומדיקו</ManufacturerName>
      <ManufactureCountry>IL</ManufactureCountry>
      <ManufacturerItemDescription>מגבונים למבוגרים</ManufacturerItemDescription>
      <UnitQty>יחידה</UnitQty>
      <Quantity>1.00</Quantity>
      <bIsWeighted>0</bIsWeighted>
      <UnitOfMeasure>יחידה</UnitOfMeasure>
      <QtyInPackage>0</QtyInPackage>
      <ItemPrice>18.90</ItemPrice>
      <UnitOfMeasurePrice>18.90</UnitOfMeasurePrice>
      <AllowDiscount>1</AllowDiscount>
      <ItemStatus>1</ItemStatus>
    </Item>
    <Item>
      <PriceUpdateDate>2020-10-10 21:00</PriceUpdateDate>
      <ItemCode>7290014855847</ItemCode>
      <ItemType>1</ItemType>
      <ItemName>מגבוני בייביסיטר מהדורת</ItemName>
      <ManufacturerName>די.פי.אל</ManufacturerName>
      <ManufactureCountry>IL</ManufactureCountry>
      <ManufacturerItemDescription>מגבוני בייביסיטר</ManufacturerItemDescription>
      <UnitQty>יחידה</UnitQty>
      <Quantity>1.00</Quantity>
      <bIsWeighted>0</bIsWeighted>
      <UnitOfMeasure>יחידה</UnitOfMeasure>
      <QtyInPackage>1</QtyInPackage>
      <ItemPrice>10.00</ItemPrice>
      <UnitOfMeasurePrice>10.00</UnitOfMeasurePrice>
      <AllowDiscount>1</AllowDiscount>
      <ItemStatus>1</ItemStatus>
    </Item>
    <Item>
      <PriceUpdateDate>2020-01-20 00:14</PriceUpdateDate>
      <ItemCode>7290014901247</ItemCode>
      <ItemType>1</ItemType>
      <ItemName>שמפו קרטין סטייל 750 מ"ל</ItemName>
      <ManufacturerName>א.ל ארמן</ManufacturerName>
      <ManufactureCountry>IL</ManufactureCountry>
      <ManufacturerItemDescription>שמפו קרטין</ManufacturerItemDescription>
      <UnitQty>מיליליטרים</UnitQty>
      <Quantity>750.00</Quantity>
      <bIsWeighted>0</bIsWeighted>
      <UnitOfMeasure>100 מ"ל</UnitOfMeasure>
      <QtyInPackage>0</QtyInPackage>
      <ItemPrice>27.90</ItemPrice>
      <UnitOfMeasurePrice>3.72</UnitOfMeasurePrice>
      <AllowDiscount>1</AllowDiscount>
      <ItemStatus>1</ItemStatus>
    </Item>
    <Item>
      <PriceUpdateDate>2020-07-19 15:16</PriceUpdateDate>
      <ItemCode>7290014901261</ItemCode>
      <ItemType>1</ItemType>
      <ItemName>מסכת קרטין סטייל 500 מ"ל</ItemName>
      <ManufacturerName>א.ל ארמן</ManufacturerName>
      <ManufactureCountry>IL</ManufactureCountry>
      <ManufacturerItemDescription>מסכת קרטין</ManufacturerItemDescription>
      <UnitQty>מיליליטרים</UnitQty>
      <Quantity>500.00</Quantity>
      <bIsWeighted>0</bIsWeighted>
      <UnitOfMeasure>100 מ"ל</UnitOfMeasure>
      <QtyInPackage>0</QtyInPackage>
      <ItemPrice>34.90</ItemPrice>
      <UnitOfMeasurePrice>6.98</UnitOfMeasurePrice>
      <AllowDiscount>1</AllowDiscount>
      <ItemStatus>1</ItemStatus>
    </Item>
    <Item>
      <PriceUpdateDate>2020-10-10 20:20</PriceUpdateDate>
      <ItemCode>7290014901308</ItemCode>
      <ItemType>1</ItemType>
      <ItemName>סנסודיין הגנה מלאה 75מ"ל</ItemName>
      <ManufacturerName>MICLEN DE</ManufacturerName>
      <ManufactureCountry>GB</ManufactureCountry>
      <ManufacturerItemDescription>משחת סנסודיין</ManufacturerItemDescription>
      <UnitQty>מיליליטרים</UnitQty>
      <Quantity>75.00</Quantity>
      <bIsWeighted>0</bIsWeighted>
      <UnitOfMeasure>100 מ"ל</UnitOfMeasure>
      <QtyInPackage>0</QtyInPackage>
      <ItemPrice>17.90</ItemPrice>
      <UnitOfMeasurePrice>23.87</UnitOfMeasurePrice>
      <AllowDiscount>1</AllowDiscount>
      <ItemStatus>1</ItemStatus>
    </Item>
    <Item>
      <PriceUpdateDate>2020-10-10 20:20</PriceUpdateDate>
      <ItemCode>7290014901315</ItemCode>
      <ItemType>1</ItemType>
      <ItemName>סנסודיין אקסטרה פרש 75מל</ItemName>
      <ManufacturerName>MICLEN DE</ManufacturerName>
      <ManufactureCountry>GB</ManufactureCountry>
      <ManufacturerItemDescription>משחת סנסודיין</ManufacturerItemDescription>
      <UnitQty>מיליליטרים</UnitQty>
      <Quantity>75.00</Quantity>
      <bIsWeighted>0</bIsWeighted>
      <UnitOfMeasure>100 מ"ל</UnitOfMeasure>
      <QtyInPackage>0</QtyInPackage>
      <ItemPrice>17.90</ItemPrice>
      <UnitOfMeasurePrice>23.87</UnitOfMeasurePrice>
      <AllowDiscount>1</AllowDiscount>
      <ItemStatus>1</ItemStatus>
    </Item>
    <Item>
      <PriceUpdateDate>2020-01-20 00:14</PriceUpdateDate>
      <ItemCode>7290014901780</ItemCode>
      <ItemType>1</ItemType>
      <ItemName>סנסודיין פרש מינט75*3 מל</ItemName>
      <ManufacturerName>MICLEN DE</ManufacturerName>
      <ManufactureCountry>GB</ManufactureCountry>
      <ManufacturerItemDescription>משחת סנסודיין3יח</ManufacturerItemDescription>
      <UnitQty>מיליליטרים</UnitQty>
      <Quantity>225.00</Quantity>
      <bIsWeighted>0</bIsWeighted>
      <UnitOfMeasure>100 מ"ל</UnitOfMeasure>
      <QtyInPackage>1</QtyInPackage>
      <ItemPrice>43.90</ItemPrice>
      <UnitOfMeasurePrice>19.51</UnitOfMeasurePrice>
      <AllowDiscount>1</AllowDiscount>
      <ItemStatus>1</ItemStatus>
    </Item>
    <Item>
      <PriceUpdateDate>2020-10-10 20:20</PriceUpdateDate>
      <ItemCode>7290014901896</ItemCode>
      <ItemType>1</ItemType>
      <ItemName>סנסודיין מי פה 500 מ"ל</ItemName>
      <ManufacturerName>MICLEN DE</ManufacturerName>
      <ManufactureCountry>GB</ManufactureCountry>
      <ManufacturerItemDescription>סנסודיין מי פה</ManufacturerItemDescription>
      <UnitQty>מיליליטרים</UnitQty>
      <Quantity>500.00</Quantity>
      <bIsWeighted>0</bIsWeighted>
      <UnitOfMeasure>100 מ"ל</UnitOfMeasure>
      <QtyInPackage>1</QtyInPackage>
      <ItemPrice>22.90</ItemPrice>
      <UnitOfMeasurePrice>4.58</UnitOfMeasurePrice>
      <AllowDiscount>1</AllowDiscount>
      <ItemStatus>1</ItemStatus>
    </Item>
    <Item>
      <PriceUpdateDate>2020-01-20 00:21</PriceUpdateDate>
      <ItemCode>7290014952935</ItemCode>
      <ItemType>1</ItemType>
      <ItemName>מאמי קר מגבוני אף ופנים</ItemName>
      <ManufacturerName>מאמי קר</ManufacturerName>
      <ManufactureCountry>IL</ManufactureCountry>
      <ManufacturerItemDescription>מאמי קר מגבונים</ManufacturerItemDescription>
      <UnitQty>יחידה</UnitQty>
      <Quantity>1.00</Quantity>
      <bIsWeighted>0</bIsWeighted>
      <UnitOfMeasure>יחידה</UnitOfMeasure>
      <QtyInPackage>1</QtyInPackage>
      <ItemPrice>12.90</ItemPrice>
      <UnitOfMeasurePrice>12.90</UnitOfMeasurePrice>
      <AllowDiscount>1</AllowDiscount>
      <ItemStatus>1</ItemStatus>
    </Item>
    <Item>
      <PriceUpdateDate>2020-01-20 00:14</PriceUpdateDate>
      <ItemCode>7290014962538</ItemCode>
      <ItemType>1</ItemType>
      <ItemName>משחת טפטפים מנטה 50מל</ItemName>
      <ManufacturerName>(SALA  (CTS</ManufacturerName>
      <ManufactureCountry>IL</ManufactureCountry>
      <ManufacturerItemDescription>משחת שיניים</ManufacturerItemDescription>
      <UnitQty>מיליליטרים</UnitQty>
      <Quantity>50.00</Quantity>
      <bIsWeighted>0</bIsWeighted>
      <UnitOfMeasure>100 מ"ל</UnitOfMeasure>
      <QtyInPackage>0</QtyInPackage>
      <ItemPrice>11.90</ItemPrice>
      <UnitOfMeasurePrice>23.80</UnitOfMeasurePrice>
      <AllowDiscount>1</AllowDiscount>
      <ItemStatus>1</ItemStatus>
    </Item>
    <Item>
      <PriceUpdateDate>2020-01-20 00:21</PriceUpdateDate>
      <ItemCode>7290015155823</ItemCode>
      <ItemType>1</ItemType>
      <ItemName>חטיפטף פרינוק תפוח 120 ג</ItemName>
      <ManufacturerName>פרוטה פודיווין</ManufacturerName>
      <ManufactureCountry>CZ</ManufactureCountry>
      <ManufacturerItemDescription>חטיפטף פרינוק</ManufacturerItemDescription>
      <UnitQty>גרמים</UnitQty>
      <Quantity>120.00</Quantity>
      <bIsWeighted>0</bIsWeighted>
      <UnitOfMeasure>100 גרם</UnitOfMeasure>
      <QtyInPackage>1</QtyInPackage>
      <ItemPrice>5.00</ItemPrice>
      <UnitOfMeasurePrice>4.17</UnitOfMeasurePrice>
      <AllowDiscount>1</AllowDiscount>
      <ItemStatus>1</ItemStatus>
    </Item>
    <Item>
      <PriceUpdateDate>2020-01-20 00:21</PriceUpdateDate>
      <ItemCode>7290015155830</ItemCode>
      <ItemType>1</ItemType>
      <ItemName>חטיפטף פרינוק תפוח בננה</ItemName>
      <ManufacturerName>---</ManufacturerName>
      <ManufactureCountry>CZ</ManufactureCountry>
      <ManufacturerItemDescription>חטיפטף פרינוק</ManufacturerItemDescription>
      <UnitQty>גרמים</UnitQty>
      <Quantity>120.00</Quantity>
      <bIsWeighted>0</bIsWeighted>
      <UnitOfMeasure>100 גרם</UnitOfMeasure>
      <QtyInPackage>1</QtyInPackage>
      <ItemPrice>5.00</ItemPrice>
      <UnitOfMeasurePrice>4.17</UnitOfMeasurePrice>
      <AllowDiscount>1</AllowDiscount>
      <ItemStatus>1</ItemStatus>
    </Item>
    <Item>
      <PriceUpdateDate>2020-05-06 16:13</PriceUpdateDate>
      <ItemCode>7290015155885</ItemCode>
      <ItemType>1</ItemType>
      <ItemName>חטיפטף חטיף אוכמניות28ג</ItemName>
      <ManufacturerName>נאמצואו</ManufacturerName>
      <ManufactureCountry>TH</ManufactureCountry>
      <ManufacturerItemDescription>חטיפטף חטיף אורז</ManufacturerItemDescription>
      <UnitQty>גרמים</UnitQty>
      <Quantity>28.00</Quantity>
      <bIsWeighted>0</bIsWeighted>
      <UnitOfMeasure>100 גרם</UnitOfMeasure>
      <QtyInPackage>1</QtyInPackage>
      <ItemPrice>8.90</ItemPrice>
      <UnitOfMeasurePrice>31.79</UnitOfMeasurePrice>
      <AllowDiscount>1</AllowDiscount>
      <ItemStatus>1</ItemStatus>
    </Item>
    <Item>
      <PriceUpdateDate>2020-05-06 16:13</PriceUpdateDate>
      <ItemCode>7290015155892</ItemCode>
      <ItemType>1</ItemType>
      <ItemName>חטיפטף חטיף בננה 28 גרם</ItemName>
      <ManufacturerName>נאמצואו</ManufacturerName>
      <ManufactureCountry>TH</ManufactureCountry>
      <ManufacturerItemDescription>חטיפטף חטיף אורז</ManufacturerItemDescription>
      <UnitQty>גרמים</UnitQty>
      <Quantity>28.00</Quantity>
      <bIsWeighted>0</bIsWeighted>
      <UnitOfMeasure>100 גרם</UnitOfMeasure>
      <QtyInPackage>1</QtyInPackage>
      <ItemPrice>8.90</ItemPrice>
      <UnitOfMeasurePrice>31.79</UnitOfMeasurePrice>
      <AllowDiscount>1</AllowDiscount>
      <ItemStatus>1</ItemStatus>
    </Item>
    <Item>
      <PriceUpdateDate>2020-01-20 00:21</PriceUpdateDate>
      <ItemCode>7290015156769</ItemCode>
      <ItemType>1</ItemType>
      <ItemName>פאוץ' פרינוק תפוח ואוכמנ</ItemName>
      <ManufacturerName>---</ManufacturerName>
      <ManufactureCountry>CZ</ManufactureCountry>
      <ManufacturerItemDescription>פאוץ' פרינוק תפו</ManufacturerItemDescription>
      <UnitQty>גרמים</UnitQty>
      <Quantity>120.00</Quantity>
      <bIsWeighted>0</bIsWeighted>
      <UnitOfMeasure>100 גרם</UnitOfMeasure>
      <QtyInPackage>1</QtyInPackage>
      <ItemPrice>5.00</ItemPrice>
      <UnitOfMeasurePrice>4.17</UnitOfMeasurePrice>
      <AllowDiscount>1</AllowDiscount>
      <ItemStatus>1</ItemStatus>
    </Item>
    <Item>
      <PriceUpdateDate>2020-01-20 00:21</PriceUpdateDate>
      <ItemCode>7290015156776</ItemCode>
      <ItemType>1</ItemType>
      <ItemName>חטיפטף פירות טרופי 120ג</ItemName>
      <ManufacturerName>---</ManufacturerName>
      <ManufactureCountry>CZ</ManufactureCountry>
      <ManufacturerItemDescription>חטיפטף פרינוק</ManufacturerItemDescription>
      <UnitQty>גרמים</UnitQty>
      <Quantity>120.00</Quantity>
      <bIsWeighted>0</bIsWeighted>
      <UnitOfMeasure>100 גרם</UnitOfMeasure>
      <QtyInPackage>1</QtyInPackage>
      <ItemPrice>5.00</ItemPrice>
      <UnitOfMeasurePrice>4.17</UnitOfMeasurePrice>
      <AllowDiscount>1</AllowDiscount>
      <ItemStatus>1</ItemStatus>
    </Item>
    <Item>
      <PriceUpdateDate>2020-01-20 00:21</PriceUpdateDate>
      <ItemCode>7290015156790</ItemCode>
      <ItemType>1</ItemType>
      <ItemName>חטיפטף לפתן פירות 120גרם</ItemName>
      <ManufacturerName>---</ManufacturerName>
      <ManufactureCountry>CZ</ManufactureCountry>
      <ManufacturerItemDescription>חטיפטף פרינוק</ManufacturerItemDescription>
      <UnitQty>גרמים</UnitQty>
      <Quantity>120.00</Quantity>
      <bIsWeighted>0</bIsWeighted>
      <UnitOfMeasure>100 גרם</UnitOfMeasure>
      <QtyInPackage>1</QtyInPackage>
      <ItemPrice>5.00</ItemPrice>
      <UnitOfMeasurePrice>4.17</UnitOfMeasurePrice>
      <AllowDiscount>1</AllowDiscount>
      <ItemStatus>1</ItemStatus>
    </Item>
    <Item>
      <PriceUpdateDate>2020-01-20 00:21</PriceUpdateDate>
      <ItemCode>7290015156813</ItemCode>
      <ItemType>1</ItemType>
      <ItemName>חטיפטף פירות מעורבים120ג</ItemName>
      <ManufacturerName>---</ManufacturerName>
      <ManufactureCountry>CZ</ManufactureCountry>
      <ManufacturerItemDescription>חטיפטף פרינוק</ManufacturerItemDescription>
      <UnitQty>גרמים</UnitQty>
      <Quantity>120.00</Quantity>
      <bIsWeighted>0</bIsWeighted>
      <UnitOfMeasure>100 גרם</UnitOfMeasure>
      <QtyInPackage>1</QtyInPackage>
      <ItemPrice>5.00</ItemPrice>
      <UnitOfMeasurePrice>4.17</UnitOfMeasurePrice>
      <AllowDiscount>1</AllowDiscount>
      <ItemStatus>1</ItemStatus>
    </Item>
    <Item>
      <PriceUpdateDate>2020-01-20 00:14</PriceUpdateDate>
      <ItemCode>7290015176361</ItemCode>
      <ItemType>1</ItemType>
      <ItemName>מברשת חשמלית כחול</ItemName>
      <ManufacturerName>פוג'יקום</ManufacturerName>
      <ManufactureCountry>CN</ManufactureCountry>
      <ManufacturerItemDescription>מברשת שיניים</ManufacturerItemDescription>
      <UnitQty>יחידה</UnitQty>
      <Quantity>1.00</Quantity>
      <bIsWeighted>0</bIsWeighted>
      <UnitOfMeasure>יחידה</UnitOfMeasure>
      <QtyInPackage>1</QtyInPackage>
      <ItemPrice>39.90</ItemPrice>
      <UnitOfMeasurePrice>39.90</UnitOfMeasurePrice>
      <AllowDiscount>1</AllowDiscount>
      <ItemStatus>1</ItemStatus>
    </Item>
    <Item>
      <PriceUpdateDate>2020-01-20 00:14</PriceUpdateDate>
      <ItemCode>7290015176378</ItemCode>
      <ItemType>1</ItemType>
      <ItemName>מברשת חשמלית סגול</ItemName>
      <ManufacturerName>פוג'יקום</ManufacturerName>
      <ManufactureCountry>CN</ManufactureCountry>
      <ManufacturerItemDescription>מברשת שיניים</ManufacturerItemDescription>
      <UnitQty>יחידה</UnitQty>
      <Quantity>1.00</Quantity>
      <bIsWeighted>0</bIsWeighted>
      <UnitOfMeasure>יחידה</UnitOfMeasure>
      <QtyInPackage>1</QtyInPackage>
      <ItemPrice>39.90</ItemPrice>
      <UnitOfMeasurePrice>39.90</UnitOfMeasurePrice>
      <AllowDiscount>1</AllowDiscount>
      <ItemStatus>1</ItemStatus>
    </Item>
    <Item>
      <PriceUpdateDate>2020-03-22 11:54</PriceUpdateDate>
      <ItemCode>7290015176385</ItemCode>
      <ItemType>1</ItemType>
      <ItemName>מברשת חשמלית לילדים כחול</ItemName>
      <ManufacturerName>פוג'יקום</ManufacturerName>
      <ManufactureCountry>CN</ManufactureCountry>
      <ManufacturerItemDescription>מברשת שיניים</ManufacturerItemDescription>
      <UnitQty>יחידה</UnitQty>
      <Quantity>1.00</Quantity>
      <bIsWeighted>0</bIsWeighted>
      <UnitOfMeasure>יחידה</UnitOfMeasure>
      <QtyInPackage>1</QtyInPackage>
      <ItemPrice>43.90</ItemPrice>
      <UnitOfMeasurePrice>43.90</UnitOfMeasurePrice>
      <AllowDiscount>1</AllowDiscount>
      <ItemStatus>1</ItemStatus>
    </Item>
    <Item>
      <PriceUpdateDate>2020-05-06 16:13</PriceUpdateDate>
      <ItemCode>7290015176446</ItemCode>
      <ItemType>1</ItemType>
      <ItemName>אוזניות סטריאו עם מיקרופ</ItemName>
      <ManufacturerName>פוג'יקום</ManufacturerName>
      <ManufactureCountry>CN</ManufactureCountry>
      <ManufacturerItemDescription>אוזניות עם מקרופ</ManufacturerItemDescription>
      <UnitQty>יחידה</UnitQty>
      <Quantity>1.00</Quantity>
      <bIsWeighted>0</bIsWeighted>
      <UnitOfMeasure>יחידה</UnitOfMeasure>
      <QtyInPackage>1</QtyInPackage>
      <ItemPrice>32.90</ItemPrice>
      <UnitOfMeasurePrice>32.90</UnitOfMeasurePrice>
      <AllowDiscount>1</AllowDiscount>
      <ItemStatus>1</ItemStatus>
    </Item>
    <Item>
      <PriceUpdateDate>2020-10-10 20:20</PriceUpdateDate>
      <ItemCode>7290015293624</ItemCode>
      <ItemType>1</ItemType>
      <ItemName>אלסבון ושמפו נייטשר400מל</ItemName>
      <ManufacturerName>פישר מעבדות פרמצבטיות בע</ManufacturerName>
      <ManufactureCountry>IL</ManufactureCountry>
      <ManufacturerItemDescription>אל סבון ושמפו</ManufacturerItemDescription>
      <UnitQty>מיליליטרים</UnitQty>
      <Quantity>400.00</Quantity>
      <bIsWeighted>0</bIsWeighted>
      <UnitOfMeasure>100 מ"ל</UnitOfMeasure>
      <QtyInPackage>1</QtyInPackage>
      <ItemPrice>22.90</ItemPrice>
      <UnitOfMeasurePrice>5.73</UnitOfMeasurePrice>
      <AllowDiscount>1</AllowDiscount>
      <ItemStatus>1</ItemStatus>
    </Item>
    <Item>
      <PriceUpdateDate>2020-01-20 00:14</PriceUpdateDate>
      <ItemCode>7290015366250</ItemCode>
      <ItemType>1</ItemType>
      <ItemName>ספרי קרטין סטייל 100 מ"ל</ItemName>
      <ManufacturerName>א.ל ארמן</ManufacturerName>
      <ManufactureCountry>IL</ManufactureCountry>
      <ManufacturerItemDescription>ספריי קרטין</ManufacturerItemDescription>
      <UnitQty>מיליליטרים</UnitQty>
      <Quantity>100.00</Quantity>
      <bIsWeighted>0</bIsWeighted>
      <UnitOfMeasure>100 מ"ל</UnitOfMeasure>
      <QtyInPackage>1</QtyInPackage>
      <ItemPrice>32.90</ItemPrice>
      <UnitOfMeasurePrice>32.90</UnitOfMeasurePrice>
      <AllowDiscount>1</AllowDiscount>
      <ItemStatus>1</ItemStatus>
    </Item>
    <Item>
      <PriceUpdateDate>2020-10-10 20:20</PriceUpdateDate>
      <ItemCode>7290015366663</ItemCode>
      <ItemType>1</ItemType>
      <ItemName>משחה אקווה פרש עדין100</ItemName>
      <ManufacturerName>MICLEN DE</ManufacturerName>
      <ManufactureCountry>SK</ManufactureCountry>
      <ManufacturerItemDescription>משחה אקווה פרש</ManufacturerItemDescription>
      <UnitQty>מיליליטרים</UnitQty>
      <Quantity>100.00</Quantity>
      <bIsWeighted>0</bIsWeighted>
      <UnitOfMeasure>100 מ"ל</UnitOfMeasure>
      <QtyInPackage>1</QtyInPackage>
      <ItemPrice>5.90</ItemPrice>
      <UnitOfMeasurePrice>5.90</UnitOfMeasurePrice>
      <AllowDiscount>1</AllowDiscount>
      <ItemStatus>1</ItemStatus>
    </Item>
    <Item>
      <PriceUpdateDate>2020-10-10 20:20</PriceUpdateDate>
      <ItemCode>7290015366670</ItemCode>
      <ItemType>1</ItemType>
      <ItemName>משחה אקווה פרש מנטה 100</ItemName>
      <ManufacturerName>MICLEN DE</ManufacturerName>
      <ManufactureCountry>SK</ManufactureCountry>
      <ManufacturerItemDescription>משחה אקווה פרש</ManufacturerItemDescription>
      <UnitQty>מיליליטרים</UnitQty>
      <Quantity>100.00</Quantity>
      <bIsWeighted>0</bIsWeighted>
      <UnitOfMeasure>100 מ"ל</UnitOfMeasure>
      <QtyInPackage>1</QtyInPackage>
      <ItemPrice>5.90</ItemPrice>
      <UnitOfMeasurePrice>5.90</UnitOfMeasurePrice>
      <AllowDiscount>1</AllowDiscount>
      <ItemStatus>1</ItemStatus>
    </Item>
    <Item>
      <PriceUpdateDate>2020-01-20 00:14</PriceUpdateDate>
      <ItemCode>7290015470384</ItemCode>
      <ItemType>1</ItemType>
      <ItemName>ק.ידיים פנג'ל שמן שקד100</ItemName>
      <ManufacturerName>אינטרקוסמא</ManufacturerName>
      <ManufactureCountry>IL</ManufactureCountry>
      <ManufacturerItemDescription>קרם ידיים פנג'ל</ManufacturerItemDescription>
      <UnitQty>מיליליטרים</UnitQty>
      <Quantity>100.00</Quantity>
      <bIsWeighted>0</bIsWeighted>
      <UnitOfMeasure>100 מ"ל</UnitOfMeasure>
      <QtyInPackage>1</QtyInPackage>
      <ItemPrice>11.90</ItemPrice>
      <UnitOfMeasurePrice>11.90</UnitOfMeasurePrice>
      <AllowDiscount>1</AllowDiscount>
      <ItemStatus>1</ItemStatus>
    </Item>
    <Item>
      <PriceUpdateDate>2020-01-20 00:14</PriceUpdateDate>
      <ItemCode>7290015470391</ItemCode>
      <ItemType>1</ItemType>
      <ItemName>ק.ידיים פנג'ל שמן זית100</ItemName>
      <ManufacturerName>אינטרקוסמא</ManufacturerName>
      <ManufactureCountry>IL</ManufactureCountry>
      <ManufacturerItemDescription>קרם ידיים פנג'ל</ManufacturerItemDescription>
      <UnitQty>מיליליטרים</UnitQty>
      <Quantity>100.00</Quantity>
      <bIsWeighted>0</bIsWeighted>
      <UnitOfMeasure>100 מ"ל</UnitOfMeasure>
      <QtyInPackage>1</QtyInPackage>
      <ItemPrice>11.90</ItemPrice>
      <UnitOfMeasurePrice>11.90</UnitOfMeasurePrice>
      <AllowDiscount>1</AllowDiscount>
      <ItemStatus>1</ItemStatus>
    </Item>
    <Item>
      <PriceUpdateDate>2020-01-20 00:21</PriceUpdateDate>
      <ItemCode>7290015733229</ItemCode>
      <ItemType>1</ItemType>
      <ItemName>מטרנה אקסטרה שלב 2 700ג</ItemName>
      <ManufacturerName>מטרנה</ManufacturerName>
      <ManufactureCountry>IL</ManufactureCountry>
      <ManufacturerItemDescription>מטרנה אקסטרה</ManufacturerItemDescription>
      <UnitQty>גרמים</UnitQty>
      <Quantity>700.00</Quantity>
      <bIsWeighted>0</bIsWeighted>
      <UnitOfMeasure>100 גרם</UnitOfMeasure>
      <QtyInPackage>1</QtyInPackage>
      <ItemPrice>59.90</ItemPrice>
      <UnitOfMeasurePrice>8.56</UnitOfMeasurePrice>
      <AllowDiscount>1</AllowDiscount>
      <ItemStatus>1</ItemStatus>
    </Item>
    <Item>
      <PriceUpdateDate>2020-01-20 00:21</PriceUpdateDate>
      <ItemCode>7290015733243</ItemCode>
      <ItemType>1</ItemType>
      <ItemName>מטרנה מהדרין אקס..שלב3</ItemName>
      <ManufacturerName>נסטלה</ManufacturerName>
      <ManufactureCountry>IL</ManufactureCountry>
      <ManufacturerItemDescription>מטרנה אקסטרה</ManufacturerItemDescription>
      <UnitQty>גרמים</UnitQty>
      <Quantity>700.00</Quantity>
      <bIsWeighted>0</bIsWeighted>
      <UnitOfMeasure>100 גרם</UnitOfMeasure>
      <QtyInPackage>1</QtyInPackage>
      <ItemPrice>59.90</ItemPrice>
      <UnitOfMeasurePrice>8.56</UnitOfMeasurePrice>
      <AllowDiscount>1</AllowDiscount>
      <ItemStatus>1</ItemStatus>
    </Item>
    <Item>
      <PriceUpdateDate>2020-06-26 00:03</PriceUpdateDate>
      <ItemCode>7290015733427</ItemCode>
      <ItemType>1</ItemType>
      <ItemName>דייסת גם וגם וניל 300 גר</ItemName>
      <ManufacturerName>מטרנה תעשיות ש.מ</ManufacturerName>
      <ManufactureCountry>IL</ManufactureCountry>
      <ManufacturerItemDescription>דייסת מטרנה</ManufacturerItemDescription>
      <UnitQty>גרמים</UnitQty>
      <Quantity>300.00</Quantity>
      <bIsWeighted>0</bIsWeighted>
      <UnitOfMeasure>100 גרם</UnitOfMeasure>
      <QtyInPackage>1</QtyInPackage>
      <ItemPrice>19.90</ItemPrice>
      <UnitOfMeasurePrice>6.63</UnitOfMeasurePrice>
      <AllowDiscount>1</AllowDiscount>
      <ItemStatus>1</ItemStatus>
    </Item>
    <Item>
      <PriceUpdateDate>2020-06-26 00:03</PriceUpdateDate>
      <ItemCode>7290015733441</ItemCode>
      <ItemType>1</ItemType>
      <ItemName>דייסת גם וגם דגנים 300 ג</ItemName>
      <ManufacturerName>מטרנה תעשיות ש.מ</ManufacturerName>
      <ManufactureCountry>IL</ManufactureCountry>
      <ManufacturerItemDescription>דייסת מטרנה</ManufacturerItemDescription>
      <UnitQty>גרמים</UnitQty>
      <Quantity>300.00</Quantity>
      <bIsWeighted>0</bIsWeighted>
      <UnitOfMeasure>100 גרם</UnitOfMeasure>
      <QtyInPackage>1</QtyInPackage>
      <ItemPrice>19.90</ItemPrice>
      <UnitOfMeasurePrice>6.63</UnitOfMeasurePrice>
      <AllowDiscount>1</AllowDiscount>
      <ItemStatus>1</ItemStatus>
    </Item>
    <Item>
      <PriceUpdateDate>2020-06-26 00:03</PriceUpdateDate>
      <ItemCode>7290015733465</ItemCode>
      <ItemType>1</ItemType>
      <ItemName>דייסת גם וגם קורנפלור300</ItemName>
      <ManufacturerName>מטרנה תעשיות ש.מ</ManufacturerName>
      <ManufactureCountry>IL</ManufactureCountry>
      <ManufacturerItemDescription>דייסת מטרנה</ManufacturerItemDescription>
      <UnitQty>גרמים</UnitQty>
      <Quantity>300.00</Quantity>
      <bIsWeighted>0</bIsWeighted>
      <UnitOfMeasure>100 גרם</UnitOfMeasure>
      <QtyInPackage>1</QtyInPackage>
      <ItemPrice>19.90</ItemPrice>
      <UnitOfMeasurePrice>6.63</UnitOfMeasurePrice>
      <AllowDiscount>1</AllowDiscount>
      <ItemStatus>1</ItemStatus>
    </Item>
    <Item>
      <PriceUpdateDate>2020-10-10 20:20</PriceUpdateDate>
      <ItemCode>7290015848862</ItemCode>
      <ItemType>1</ItemType>
      <ItemName>אולטרסול SPF50 תחליב250מ</ItemName>
      <ManufacturerName>פישר מעבדות פרמצבטיות בע</ManufacturerName>
      <ManufactureCountry>IL</ManufactureCountry>
      <ManufacturerItemDescription>אולטרסול תחליב</ManufacturerItemDescription>
      <UnitQty>מיליליטרים</UnitQty>
      <Quantity>250.00</Quantity>
      <bIsWeighted>0</bIsWeighted>
      <UnitOfMeasure>100 מ"ל</UnitOfMeasure>
      <QtyInPackage>1</QtyInPackage>
      <ItemPrice>39.90</ItemPrice>
      <UnitOfMeasurePrice>15.96</UnitOfMeasurePrice>
      <AllowDiscount>1</AllowDiscount>
      <ItemStatus>1</ItemStatus>
    </Item>
    <Item>
      <PriceUpdateDate>2020-05-06 16:13</PriceUpdateDate>
      <ItemCode>7290015968393</ItemCode>
      <ItemType>1</ItemType>
      <ItemName>נשכן בננה מ.שיניים נובי</ItemName>
      <ManufacturerName>LTD E.L.CO</ManufacturerName>
      <ManufactureCountry>CN</ManufactureCountry>
      <ManufacturerItemDescription>נשכן בננה נובי</ManufacturerItemDescription>
      <UnitQty>יחידה</UnitQty>
      <Quantity>1.00</Quantity>
      <bIsWeighted>0</bIsWeighted>
      <UnitOfMeasure>יחידה</UnitOfMeasure>
      <QtyInPackage>1</QtyInPackage>
      <ItemPrice>45.90</ItemPrice>
      <UnitOfMeasurePrice>45.90</UnitOfMeasurePrice>
      <AllowDiscount>1</AllowDiscount>
      <ItemStatus>1</ItemStatus>
    </Item>
    <Item>
      <PriceUpdateDate>2020-10-10 20:20</PriceUpdateDate>
      <ItemCode>7290016094008</ItemCode>
      <ItemType>1</ItemType>
      <ItemName>אולטרסול קרם פניםSPF50</ItemName>
      <ManufacturerName>פישר מעבדות פרמצבטיות בע</ManufacturerName>
      <ManufactureCountry>IL</ManufactureCountry>
      <ManufacturerItemDescription>אולטרסול</ManufacturerItemDescription>
      <UnitQty>מיליליטרים</UnitQty>
      <Quantity>75.00</Quantity>
      <bIsWeighted>0</bIsWeighted>
      <UnitOfMeasure>100 מ"ל</UnitOfMeasure>
      <QtyInPackage>1</QtyInPackage>
      <ItemPrice>29.90</ItemPrice>
      <UnitOfMeasurePrice>39.86</UnitOfMeasurePrice>
      <AllowDiscount>1</AllowDiscount>
      <ItemStatus>1</ItemStatus>
    </Item>
    <Item>
      <PriceUpdateDate>2020-01-20 00:21</PriceUpdateDate>
      <ItemCode>7290016114300</ItemCode>
      <ItemType>1</ItemType>
      <ItemName>נ.ט. לילי גליל כפול 16</ItemName>
      <ManufacturerName>חוגלה קימברלי</ManufacturerName>
      <ManufactureCountry>IL</ManufactureCountry>
      <ManufacturerItemDescription>נייר טואלט לילי</ManufacturerItemDescription>
      <UnitQty>מטרים</UnitQty>
      <Quantity>588.00</Quantity>
      <bIsWeighted>0</bIsWeighted>
      <UnitOfMeasure>100 מטר</UnitOfMeasure>
      <QtyInPackage>1</QtyInPackage>
      <ItemPrice>37.90</ItemPrice>
      <UnitOfMeasurePrice>6.45</UnitOfMeasurePrice>
      <AllowDiscount>1</AllowDiscount>
      <ItemStatus>1</ItemStatus>
    </Item>
    <Item>
      <PriceUpdateDate>2020-05-06 16:13</PriceUpdateDate>
      <ItemCode>7290016197495</ItemCode>
      <ItemType>1</ItemType>
      <ItemName>מטלית מקרופייבר לרצפה</ItemName>
      <ManufacturerName>INC UFO</ManufacturerName>
      <ManufactureCountry>CN</ManufactureCountry>
      <ManufacturerItemDescription>מטלית לרצפה 2יח</ManufacturerItemDescription>
      <UnitQty>יחידה</UnitQty>
      <Quantity>1.00</Quantity>
      <bIsWeighted>0</bIsWeighted>
      <UnitOfMeasure>יחידה</UnitOfMeasure>
      <QtyInPackage>1</QtyInPackage>
      <ItemPrice>24.90</ItemPrice>
      <UnitOfMeasurePrice>24.90</UnitOfMeasurePrice>
      <AllowDiscount>1</AllowDiscount>
      <ItemStatus>1</ItemStatus>
    </Item>
    <Item>
      <PriceUpdateDate>2020-10-10 21:00</PriceUpdateDate>
      <ItemCode>7290016197600</ItemCode>
      <ItemType>1</ItemType>
      <ItemName>דיפנד תחבושות נורמל</ItemName>
      <ManufacturerName>קימברלי קלארק</ManufacturerName>
      <ManufactureCountry>VN</ManufactureCountry>
      <ManufacturerItemDescription>תחבושות דיפנד</ManufacturerItemDescription>
      <UnitQty>יחידה</UnitQty>
      <Quantity>1.00</Quantity>
      <bIsWeighted>0</bIsWeighted>
      <UnitOfMeasure>יחידה</UnitOfMeasure>
      <QtyInPackage>1</QtyInPackage>
      <ItemPrice>16.90</ItemPrice>
      <UnitOfMeasurePrice>16.90</UnitOfMeasurePrice>
      <AllowDiscount>1</AllowDiscount>
      <ItemStatus>1</ItemStatus>
    </Item>
    <Item>
      <PriceUpdateDate>2020-10-10 21:00</PriceUpdateDate>
      <ItemCode>7290016197617</ItemCode>
      <ItemType>1</ItemType>
      <ItemName>דיפנד תחבושות  אקסטרה</ItemName>
      <ManufacturerName>קימברלי קלארק</ManufacturerName>
      <ManufactureCountry>VN</ManufactureCountry>
      <ManufacturerItemDescription>תחבושות דיפנד</ManufacturerItemDescription>
      <UnitQty>יחידה</UnitQty>
      <Quantity>1.00</Quantity>
      <bIsWeighted>0</bIsWeighted>
      <UnitOfMeasure>יחידה</UnitOfMeasure>
      <QtyInPackage>1</QtyInPackage>
      <ItemPrice>16.90</ItemPrice>
      <UnitOfMeasurePrice>16.90</UnitOfMeasurePrice>
      <AllowDiscount>1</AllowDiscount>
      <ItemStatus>1</ItemStatus>
    </Item>
    <Item>
      <PriceUpdateDate>2020-10-10 21:00</PriceUpdateDate>
      <ItemCode>7290016197624</ItemCode>
      <ItemType>1</ItemType>
      <ItemName>דיפנד תחבושות סופר</ItemName>
      <ManufacturerName>קימברלי קלארק</ManufacturerName>
      <ManufactureCountry>VN</ManufactureCountry>
      <ManufacturerItemDescription>תחבושות דיפנד</ManufacturerItemDescription>
      <UnitQty>יחידה</UnitQty>
      <Quantity>1.00</Quantity>
      <bIsWeighted>0</bIsWeighted>
      <UnitOfMeasure>יחידה</UnitOfMeasure>
      <QtyInPackage>1</QtyInPackage>
      <ItemPrice>16.90</ItemPrice>
      <UnitOfMeasurePrice>16.90</UnitOfMeasurePrice>
      <AllowDiscount>1</AllowDiscount>
      <ItemStatus>1</ItemStatus>
    </Item>
    <Item>
      <PriceUpdateDate>2020-05-06 16:13</PriceUpdateDate>
      <ItemCode>7290016230888</ItemCode>
      <ItemType>1</ItemType>
      <ItemName>סוללות V3 5) יחידות( 5 י</ItemName>
      <ManufacturerName>פוג'יקום</ManufacturerName>
      <ManufactureCountry>IL</ManufactureCountry>
      <ManufacturerItemDescription>סוללות V3</ManufacturerItemDescription>
      <UnitQty>יחידה</UnitQty>
      <Quantity>1.00</Quantity>
      <bIsWeighted>0</bIsWeighted>
      <UnitOfMeasure>יחידה</UnitOfMeasure>
      <QtyInPackage>1</QtyInPackage>
      <ItemPrice>21.90</ItemPrice>
      <UnitOfMeasurePrice>21.90</UnitOfMeasurePrice>
      <AllowDiscount>1</AllowDiscount>
      <ItemStatus>1</ItemStatus>
    </Item>
    <Item>
      <PriceUpdateDate>2020-10-10 21:00</PriceUpdateDate>
      <ItemCode>7290016319309</ItemCode>
      <ItemType>1</ItemType>
      <ItemName>אל סבון פמלי מאסק 1 ליטר</ItemName>
      <ManufacturerName>אקסן קוסמטיק</ManufacturerName>
      <ManufactureCountry>TR</ManufactureCountry>
      <ManufacturerItemDescription>אל סבון פמלי</ManufacturerItemDescription>
      <UnitQty>ליטרים</UnitQty>
      <Quantity>1.00</Quantity>
      <bIsWeighted>0</bIsWeighted>
      <UnitOfMeasure>ליטר</UnitOfMeasure>
      <QtyInPackage>1</QtyInPackage>
      <ItemPrice>10.00</ItemPrice>
      <UnitOfMeasurePrice>10.00</UnitOfMeasurePrice>
      <AllowDiscount>1</AllowDiscount>
      <ItemStatus>1</ItemStatus>
    </Item>
    <Item>
      <PriceUpdateDate>2020-10-10 21:00</PriceUpdateDate>
      <ItemCode>7290016321531</ItemCode>
      <ItemType>1</ItemType>
      <ItemName>12רצועו.שעווה גוף מגע מש</ItemName>
      <ManufacturerName>---</ManufacturerName>
      <ManufactureCountry>ES</ManufactureCountry>
      <ManufacturerItemDescription>12רצועות שעווה</ManufacturerItemDescription>
      <UnitQty>יחידה</UnitQty>
      <Quantity>1.00</Quantity>
      <bIsWeighted>0</bIsWeighted>
      <UnitOfMeasure>יחידה</UnitOfMeasure>
      <QtyInPackage>1</QtyInPackage>
      <ItemPrice>19.90</ItemPrice>
      <UnitOfMeasurePrice>19.90</UnitOfMeasurePrice>
      <AllowDiscount>1</AllowDiscount>
      <ItemStatus>1</ItemStatus>
    </Item>
    <Item>
      <PriceUpdateDate>2020-10-10 21:00</PriceUpdateDate>
      <ItemCode>7290016321548</ItemCode>
      <ItemType>1</ItemType>
      <ItemName>16 רצועות שעווה קמומיל</ItemName>
      <ManufacturerName>---</ManufacturerName>
      <ManufactureCountry>ES</ManufactureCountry>
      <ManufacturerItemDescription>רצועות שעווה לגו</ManufacturerItemDescription>
      <UnitQty>יחידה</UnitQty>
      <Quantity>1.00</Quantity>
      <bIsWeighted>0</bIsWeighted>
      <UnitOfMeasure>יחידה</UnitOfMeasure>
      <QtyInPackage>1</QtyInPackage>
      <ItemPrice>19.90</ItemPrice>
      <UnitOfMeasurePrice>19.90</UnitOfMeasurePrice>
      <AllowDiscount>1</AllowDiscount>
      <ItemStatus>1</ItemStatus>
    </Item>
    <Item>
      <PriceUpdateDate>2020-10-10 21:00</PriceUpdateDate>
      <ItemCode>7290016321555</ItemCode>
      <ItemType>1</ItemType>
      <ItemName>16מגע הדבש רצועות שעווה</ItemName>
      <ManufacturerName>---</ManufacturerName>
      <ManufactureCountry>ES</ManufactureCountry>
      <ManufacturerItemDescription>רצועות שעווה</ManufacturerItemDescription>
      <UnitQty>יחידה</UnitQty>
      <Quantity>1.00</Quantity>
      <bIsWeighted>0</bIsWeighted>
      <UnitOfMeasure>יחידה</UnitOfMeasure>
      <QtyInPackage>1</QtyInPackage>
      <ItemPrice>19.90</ItemPrice>
      <UnitOfMeasurePrice>19.90</UnitOfMeasurePrice>
      <AllowDiscount>1</AllowDiscount>
      <ItemStatus>1</ItemStatus>
    </Item>
    <Item>
      <PriceUpdateDate>2020-10-10 21:00</PriceUpdateDate>
      <ItemCode>7290016321777</ItemCode>
      <ItemType>1</ItemType>
      <ItemName>20 רצועות שעווה לפנים</ItemName>
      <ManufacturerName>---</ManufacturerName>
      <ManufactureCountry>ES</ManufactureCountry>
      <ManufacturerItemDescription>רצועות שעווה לפנ</ManufacturerItemDescription>
      <UnitQty>יחידה</UnitQty>
      <Quantity>1.00</Quantity>
      <bIsWeighted>0</bIsWeighted>
      <UnitOfMeasure>יחידה</UnitOfMeasure>
      <QtyInPackage>1</QtyInPackage>
      <ItemPrice>19.90</ItemPrice>
      <UnitOfMeasurePrice>19.90</UnitOfMeasurePrice>
      <AllowDiscount>1</AllowDiscount>
      <ItemStatus>1</ItemStatus>
    </Item>
    <Item>
      <PriceUpdateDate>2020-01-20 00:21</PriceUpdateDate>
      <ItemCode>7290016329308</ItemCode>
      <ItemType>1</ItemType>
      <ItemName>קרם שיער מתולתל סרקל325מ</ItemName>
      <ManufacturerName>פישר מעבדות פרמצבטיות בע</ManufacturerName>
      <ManufactureCountry>IL</ManufactureCountry>
      <ManufacturerItemDescription>סרקל מתיר קשרים</ManufacturerItemDescription>
      <UnitQty>מיליליטרים</UnitQty>
      <Quantity>325.00</Quantity>
      <bIsWeighted>0</bIsWeighted>
      <UnitOfMeasure>100 מ"ל</UnitOfMeasure>
      <QtyInPackage>1</QtyInPackage>
      <ItemPrice>25.90</ItemPrice>
      <UnitOfMeasurePrice>7.97</UnitOfMeasurePrice>
      <AllowDiscount>1</AllowDiscount>
      <ItemStatus>1</ItemStatus>
    </Item>
    <Item>
      <PriceUpdateDate>2020-01-20 00:21</PriceUpdateDate>
      <ItemCode>7290016329315</ItemCode>
      <ItemType>1</ItemType>
      <ItemName>סרקל מתיר קשרים תלתל300</ItemName>
      <ManufacturerName>פישר מעבדות פרמצבטיות בע</ManufacturerName>
      <ManufactureCountry>IL</ManufactureCountry>
      <ManufacturerItemDescription>סרקל מתיר קשרים</ManufacturerItemDescription>
      <UnitQty>מיליליטרים</UnitQty>
      <Quantity>300.00</Quantity>
      <bIsWeighted>0</bIsWeighted>
      <UnitOfMeasure>100 מ"ל</UnitOfMeasure>
      <QtyInPackage>1</QtyInPackage>
      <ItemPrice>32.90</ItemPrice>
      <UnitOfMeasurePrice>10.97</UnitOfMeasurePrice>
      <AllowDiscount>1</AllowDiscount>
      <ItemStatus>1</ItemStatus>
    </Item>
    <Item>
      <PriceUpdateDate>2020-01-20 00:21</PriceUpdateDate>
      <ItemCode>7290016329674</ItemCode>
      <ItemType>1</ItemType>
      <ItemName>קרם פנים קמיל בלו</ItemName>
      <ManufacturerName>פישר מעבדות פרמצבטיות בע</ManufacturerName>
      <ManufactureCountry>IL</ManufactureCountry>
      <ManufacturerItemDescription>קרם פנים קמיל</ManufacturerItemDescription>
      <UnitQty>מיליליטרים</UnitQty>
      <Quantity>75.00</Quantity>
      <bIsWeighted>0</bIsWeighted>
      <UnitOfMeasure>100 מ"ל</UnitOfMeasure>
      <QtyInPackage>1</QtyInPackage>
      <ItemPrice>27.90</ItemPrice>
      <UnitOfMeasurePrice>37.20</UnitOfMeasurePrice>
      <AllowDiscount>1</AllowDiscount>
      <ItemStatus>1</ItemStatus>
    </Item>
    <Item>
      <PriceUpdateDate>2020-01-20 00:21</PriceUpdateDate>
      <ItemCode>7290016437591</ItemCode>
      <ItemType>1</ItemType>
      <ItemName>תחתונים סופגיםM קוטקס8יח</ItemName>
      <ManufacturerName>חוגלה קימברלי</ManufacturerName>
      <ManufactureCountry>IL</ManufactureCountry>
      <ManufacturerItemDescription>תחתונים סופגים</ManufacturerItemDescription>
      <UnitQty>יחידה</UnitQty>
      <Quantity>1.00</Quantity>
      <bIsWeighted>0</bIsWeighted>
      <UnitOfMeasure>יחידה</UnitOfMeasure>
      <QtyInPackage>0</QtyInPackage>
      <ItemPrice>33.90</ItemPrice>
      <UnitOfMeasurePrice>33.90</UnitOfMeasurePrice>
      <AllowDiscount>1</AllowDiscount>
      <ItemStatus>1</ItemStatus>
    </Item>
    <Item>
      <PriceUpdateDate>2020-01-20 00:21</PriceUpdateDate>
      <ItemCode>7290016437645</ItemCode>
      <ItemType>1</ItemType>
      <ItemName>32האגיס פרידום פנטס שלב5</ItemName>
      <ManufacturerName>---</ManufacturerName>
      <ManufactureCountry>CZ</ManufactureCountry>
      <ManufacturerItemDescription>חיתולי האגיס</ManufacturerItemDescription>
      <UnitQty>יחידה</UnitQty>
      <Quantity>1.00</Quantity>
      <bIsWeighted>0</bIsWeighted>
      <UnitOfMeasure>יחידה</UnitOfMeasure>
      <QtyInPackage>1</QtyInPackage>
      <ItemPrice>42.90</ItemPrice>
      <UnitOfMeasurePrice>42.90</UnitOfMeasurePrice>
      <AllowDiscount>1</AllowDiscount>
      <ItemStatus>1</ItemStatus>
    </Item>
    <Item>
      <PriceUpdateDate>2020-01-20 00:21</PriceUpdateDate>
      <ItemCode>7290016437652</ItemCode>
      <ItemType>1</ItemType>
      <ItemName>26האגיס פרידום פנטס שלב6</ItemName>
      <ManufacturerName>---</ManufacturerName>
      <ManufactureCountry>CZ</ManufactureCountry>
      <ManufacturerItemDescription>חיתולי האגיס</ManufacturerItemDescription>
      <UnitQty>יחידה</UnitQty>
      <Quantity>1.00</Quantity>
      <bIsWeighted>0</bIsWeighted>
      <UnitOfMeasure>יחידה</UnitOfMeasure>
      <QtyInPackage>1</QtyInPackage>
      <ItemPrice>42.90</ItemPrice>
      <UnitOfMeasurePrice>42.90</UnitOfMeasurePrice>
      <AllowDiscount>1</AllowDiscount>
      <ItemStatus>1</ItemStatus>
    </Item>
    <Item>
      <PriceUpdateDate>2020-07-03 05:42</PriceUpdateDate>
      <ItemCode>7290016509304</ItemCode>
      <ItemType>1</ItemType>
      <ItemName>סבון אסלה סוד לבנדר 50 ג</ItemName>
      <ManufacturerName>הנקל</ManufacturerName>
      <ManufactureCountry>RS</ManufactureCountry>
      <ManufacturerItemDescription>סבון אסלה סוד</ManufacturerItemDescription>
      <UnitQty>גרמים</UnitQty>
      <Quantity>50.00</Quantity>
      <bIsWeighted>0</bIsWeighted>
      <UnitOfMeasure>100 גרם</UnitOfMeasure>
      <QtyInPackage>1</QtyInPackage>
      <ItemPrice>8.90</ItemPrice>
      <UnitOfMeasurePrice>17.80</UnitOfMeasurePrice>
      <AllowDiscount>1</AllowDiscount>
      <ItemStatus>1</ItemStatus>
    </Item>
    <Item>
      <PriceUpdateDate>2020-01-20 00:21</PriceUpdateDate>
      <ItemCode>7290016509342</ItemCode>
      <ItemType>1</ItemType>
      <ItemName>סבון אסלה כחול אקטיב50*3</ItemName>
      <ManufacturerName>הנקל</ManufacturerName>
      <ManufactureCountry>HU</ManufactureCountry>
      <ManufacturerItemDescription>סבון אסלה 3 יח</ManufacturerItemDescription>
      <UnitQty>גרמים</UnitQty>
      <Quantity>150.00</Quantity>
      <bIsWeighted>0</bIsWeighted>
      <UnitOfMeasure>100 גרם</UnitOfMeasure>
      <QtyInPackage>1</QtyInPackage>
      <ItemPrice>18.90</ItemPrice>
      <UnitOfMeasurePrice>12.60</UnitOfMeasurePrice>
      <AllowDiscount>1</AllowDiscount>
      <ItemStatus>1</ItemStatus>
    </Item>
    <Item>
      <PriceUpdateDate>2020-10-10 21:30</PriceUpdateDate>
      <ItemCode>7290016509786</ItemCode>
      <ItemType>1</ItemType>
      <ItemName>ג'ל כביסה פרסיל 2.5 ליטר</ItemName>
      <ManufacturerName>הנקל סוד בע"\מ</ManufacturerName>
      <ManufactureCountry>IL</ManufactureCountry>
      <ManufacturerItemDescription>ג'ל כביסה פרסיל</ManufacturerItemDescription>
      <UnitQty>ליטרים</UnitQty>
      <Quantity>2.50</Quantity>
      <bIsWeighted>0</bIsWeighted>
      <UnitOfMeasure>ליטר</UnitOfMeasure>
      <QtyInPackage>1</QtyInPackage>
      <ItemPrice>24.90</ItemPrice>
      <UnitOfMeasurePrice>9.96</UnitOfMeasurePrice>
      <AllowDiscount>1</AllowDiscount>
      <ItemStatus>1</ItemStatus>
    </Item>
    <Item>
      <PriceUpdateDate>2020-10-10 21:30</PriceUpdateDate>
      <ItemCode>7290016510225</ItemCode>
      <ItemType>1</ItemType>
      <ItemName>ג'ל רחצה הוואי וניל 700מ</ItemName>
      <ManufacturerName>טרופיקל דגיל בעמ</ManufacturerName>
      <ManufactureCountry>IL</ManufactureCountry>
      <ManufacturerItemDescription>ג'ל רחצה הוואי</ManufacturerItemDescription>
      <UnitQty>מיליליטרים</UnitQty>
      <Quantity>700.00</Quantity>
      <bIsWeighted>0</bIsWeighted>
      <UnitOfMeasure>100 מ"ל</UnitOfMeasure>
      <QtyInPackage>1</QtyInPackage>
      <ItemPrice>8.90</ItemPrice>
      <UnitOfMeasurePrice>1.27</UnitOfMeasurePrice>
      <AllowDiscount>1</AllowDiscount>
      <ItemStatus>1</ItemStatus>
    </Item>
    <Item>
      <PriceUpdateDate>2020-10-10 21:30</PriceUpdateDate>
      <ItemCode>7290016510232</ItemCode>
      <ItemType>1</ItemType>
      <ItemName>תחליב רחצ.הוואי קוקוס700</ItemName>
      <ManufacturerName>טרופיקל דגיל בעמ</ManufacturerName>
      <ManufactureCountry>IL</ManufactureCountry>
      <ManufacturerItemDescription>תחליב רחצה הוואי</ManufacturerItemDescription>
      <UnitQty>מיליליטרים</UnitQty>
      <Quantity>700.00</Quantity>
      <bIsWeighted>0</bIsWeighted>
      <UnitOfMeasure>100 מ"ל</UnitOfMeasure>
      <QtyInPackage>1</QtyInPackage>
      <ItemPrice>8.90</ItemPrice>
      <UnitOfMeasurePrice>1.27</UnitOfMeasurePrice>
      <AllowDiscount>1</AllowDiscount>
      <ItemStatus>1</ItemStatus>
    </Item>
    <Item>
      <PriceUpdateDate>2020-10-10 21:30</PriceUpdateDate>
      <ItemCode>7290016510249</ItemCode>
      <ItemType>1</ItemType>
      <ItemName>תחליב רח.הוואי יוגורט700</ItemName>
      <ManufacturerName>טרופיקל דגיל בעמ</ManufacturerName>
      <ManufactureCountry>IL</ManufactureCountry>
      <ManufacturerItemDescription>תחליב רחצה הוואי</ManufacturerItemDescription>
      <UnitQty>מיליליטרים</UnitQty>
      <Quantity>700.00</Quantity>
      <bIsWeighted>0</bIsWeighted>
      <UnitOfMeasure>100 מ"ל</UnitOfMeasure>
      <QtyInPackage>1</QtyInPackage>
      <ItemPrice>8.90</ItemPrice>
      <UnitOfMeasurePrice>1.27</UnitOfMeasurePrice>
      <AllowDiscount>1</AllowDiscount>
      <ItemStatus>1</ItemStatus>
    </Item>
    <Item>
      <PriceUpdateDate>2020-10-10 21:30</PriceUpdateDate>
      <ItemCode>7290016510263</ItemCode>
      <ItemType>1</ItemType>
      <ItemName>תח.רח.הוואי רגע יוקר700מ</ItemName>
      <ManufacturerName>טרופיקל דגיל בעמ</ManufacturerName>
      <ManufactureCountry>IL</ManufactureCountry>
      <ManufacturerItemDescription>תחליב רחצה הוואי</ManufacturerItemDescription>
      <UnitQty>מיליליטרים</UnitQty>
      <Quantity>700.00</Quantity>
      <bIsWeighted>0</bIsWeighted>
      <UnitOfMeasure>100 מ"ל</UnitOfMeasure>
      <QtyInPackage>1</QtyInPackage>
      <ItemPrice>8.90</ItemPrice>
      <UnitOfMeasurePrice>1.27</UnitOfMeasurePrice>
      <AllowDiscount>1</AllowDiscount>
      <ItemStatus>1</ItemStatus>
    </Item>
    <Item>
      <PriceUpdateDate>2020-10-10 21:30</PriceUpdateDate>
      <ItemCode>7290016510287</ItemCode>
      <ItemType>1</ItemType>
      <ItemName>תח.רח.הוואי קרם דבש 700</ItemName>
      <ManufacturerName>טרופיקל דגיל בעמ</ManufacturerName>
      <ManufactureCountry>IL</ManufactureCountry>
      <ManufacturerItemDescription>תחליב רחצה הוואי</ManufacturerItemDescription>
      <UnitQty>מיליליטרים</UnitQty>
      <Quantity>700.00</Quantity>
      <bIsWeighted>0</bIsWeighted>
      <UnitOfMeasure>100 מ"ל</UnitOfMeasure>
      <QtyInPackage>1</QtyInPackage>
      <ItemPrice>8.90</ItemPrice>
      <UnitOfMeasurePrice>1.27</UnitOfMeasurePrice>
      <AllowDiscount>1</AllowDiscount>
      <ItemStatus>1</ItemStatus>
    </Item>
    <Item>
      <PriceUpdateDate>2020-10-10 21:30</PriceUpdateDate>
      <ItemCode>7290016510317</ItemCode>
      <ItemType>1</ItemType>
      <ItemName>תח.רח.הוואי לגבר פול700</ItemName>
      <ManufacturerName>טרופיקל דגיל בעמ</ManufacturerName>
      <ManufactureCountry>IL</ManufactureCountry>
      <ManufacturerItemDescription>תחליב רחצה הוואי</ManufacturerItemDescription>
      <UnitQty>מיליליטרים</UnitQty>
      <Quantity>700.00</Quantity>
      <bIsWeighted>0</bIsWeighted>
      <UnitOfMeasure>100 מ"ל</UnitOfMeasure>
      <QtyInPackage>1</QtyInPackage>
      <ItemPrice>8.90</ItemPrice>
      <UnitOfMeasurePrice>1.27</UnitOfMeasurePrice>
      <AllowDiscount>1</AllowDiscount>
      <ItemStatus>1</ItemStatus>
    </Item>
    <Item>
      <PriceUpdateDate>2020-10-10 21:30</PriceUpdateDate>
      <ItemCode>7290016510324</ItemCode>
      <ItemType>1</ItemType>
      <ItemName>תחליב רח.הוואי לגבר700מל</ItemName>
      <ManufacturerName>טרופיקל דגיל בעמ</ManufacturerName>
      <ManufactureCountry>IL</ManufactureCountry>
      <ManufacturerItemDescription>תחליב רחצה הוואי</ManufacturerItemDescription>
      <UnitQty>מיליליטרים</UnitQty>
      <Quantity>700.00</Quantity>
      <bIsWeighted>0</bIsWeighted>
      <UnitOfMeasure>100 מ"ל</UnitOfMeasure>
      <QtyInPackage>1</QtyInPackage>
      <ItemPrice>8.90</ItemPrice>
      <UnitOfMeasurePrice>1.27</UnitOfMeasurePrice>
      <AllowDiscount>1</AllowDiscount>
      <ItemStatus>1</ItemStatus>
    </Item>
    <Item>
      <PriceUpdateDate>2020-10-10 21:30</PriceUpdateDate>
      <ItemCode>7290016510430</ItemCode>
      <ItemType>1</ItemType>
      <ItemName>תח רח.הוואי מגנוליה700</ItemName>
      <ManufacturerName>טרופיקל דגיל בעמ</ManufacturerName>
      <ManufactureCountry>IL</ManufactureCountry>
      <ManufacturerItemDescription>תחליב רחצה הוואי</ManufacturerItemDescription>
      <UnitQty>מיליליטרים</UnitQty>
      <Quantity>700.00</Quantity>
      <bIsWeighted>0</bIsWeighted>
      <UnitOfMeasure>100 מ"ל</UnitOfMeasure>
      <QtyInPackage>1</QtyInPackage>
      <ItemPrice>8.90</ItemPrice>
      <UnitOfMeasurePrice>1.27</UnitOfMeasurePrice>
      <AllowDiscount>1</AllowDiscount>
      <ItemStatus>1</ItemStatus>
    </Item>
    <Item>
      <PriceUpdateDate>2020-10-10 21:30</PriceUpdateDate>
      <ItemCode>7290016510768</ItemCode>
      <ItemType>1</ItemType>
      <ItemName>תחליב רח.הוואי יוגורט700</ItemName>
      <ManufacturerName>טרופיקל דגיל בעמ</ManufacturerName>
      <ManufactureCountry>IL</ManufactureCountry>
      <ManufacturerItemDescription>תחליב רחצה הוואי</ManufacturerItemDescription>
      <UnitQty>מיליליטרים</UnitQty>
      <Quantity>700.00</Quantity>
      <bIsWeighted>0</bIsWeighted>
      <UnitOfMeasure>100 מ"ל</UnitOfMeasure>
      <QtyInPackage>1</QtyInPackage>
      <ItemPrice>8.90</ItemPrice>
      <UnitOfMeasurePrice>1.27</UnitOfMeasurePrice>
      <AllowDiscount>1</AllowDiscount>
      <ItemStatus>1</ItemStatus>
    </Item>
    <Item>
      <PriceUpdateDate>2020-10-10 21:30</PriceUpdateDate>
      <ItemCode>7290016510775</ItemCode>
      <ItemType>1</ItemType>
      <ItemName>קרם רחצה הוואי שמימיי700</ItemName>
      <ManufacturerName>טרופיקל דגיל בעמ</ManufacturerName>
      <ManufactureCountry>IL</ManufactureCountry>
      <ManufacturerItemDescription>קרם רחצה הוואי</ManufacturerItemDescription>
      <UnitQty>מיליליטרים</UnitQty>
      <Quantity>700.00</Quantity>
      <bIsWeighted>0</bIsWeighted>
      <UnitOfMeasure>100 מ"ל</UnitOfMeasure>
      <QtyInPackage>1</QtyInPackage>
      <ItemPrice>8.90</ItemPrice>
      <UnitOfMeasurePrice>1.27</UnitOfMeasurePrice>
      <AllowDiscount>1</AllowDiscount>
      <ItemStatus>1</ItemStatus>
    </Item>
    <Item>
      <PriceUpdateDate>2020-01-20 00:21</PriceUpdateDate>
      <ItemCode>7290016510850</ItemCode>
      <ItemType>1</ItemType>
      <ItemName>שמ.הוואי ברבי חד קרן700מ</ItemName>
      <ManufacturerName>טרופיקל דגיל בע"\מ אזור</ManufacturerName>
      <ManufactureCountry>IL</ManufactureCountry>
      <ManufacturerItemDescription>שמפו הוואי ברבי</ManufacturerItemDescription>
      <UnitQty>מיליליטרים</UnitQty>
      <Quantity>700.00</Quantity>
      <bIsWeighted>0</bIsWeighted>
      <UnitOfMeasure>100 מ"ל</UnitOfMeasure>
      <QtyInPackage>1</QtyInPackage>
      <ItemPrice>14.90</ItemPrice>
      <UnitOfMeasurePrice>2.13</UnitOfMeasurePrice>
      <AllowDiscount>1</AllowDiscount>
      <ItemStatus>1</ItemStatus>
    </Item>
    <Item>
      <PriceUpdateDate>2020-10-10 21:30</PriceUpdateDate>
      <ItemCode>7290016510898</ItemCode>
      <ItemType>1</ItemType>
      <ItemName>שמפו הוואי פרחי דובדב700</ItemName>
      <ManufacturerName>טרופיקל דגיל</ManufacturerName>
      <ManufactureCountry>IL</ManufactureCountry>
      <ManufacturerItemDescription>שמפו הוואי</ManufacturerItemDescription>
      <UnitQty>מיליליטרים</UnitQty>
      <Quantity>700.00</Quantity>
      <bIsWeighted>0</bIsWeighted>
      <UnitOfMeasure>100 מ"ל</UnitOfMeasure>
      <QtyInPackage>1</QtyInPackage>
      <ItemPrice>8.90</ItemPrice>
      <UnitOfMeasurePrice>1.27</UnitOfMeasurePrice>
      <AllowDiscount>1</AllowDiscount>
      <ItemStatus>1</ItemStatus>
    </Item>
    <Item>
      <PriceUpdateDate>2020-10-10 21:30</PriceUpdateDate>
      <ItemCode>7290016510904</ItemCode>
      <ItemType>1</ItemType>
      <ItemName>מרכך הוואי פרחי דובדב700</ItemName>
      <ManufacturerName>טרופיקל דגיל</ManufacturerName>
      <ManufactureCountry>IL</ManufactureCountry>
      <ManufacturerItemDescription>מרכך הוואי</ManufacturerItemDescription>
      <UnitQty>מיליליטרים</UnitQty>
      <Quantity>700.00</Quantity>
      <bIsWeighted>0</bIsWeighted>
      <UnitOfMeasure>100 מ"ל</UnitOfMeasure>
      <QtyInPackage>1</QtyInPackage>
      <ItemPrice>8.90</ItemPrice>
      <UnitOfMeasurePrice>1.27</UnitOfMeasurePrice>
      <AllowDiscount>1</AllowDiscount>
      <ItemStatus>1</ItemStatus>
    </Item>
    <Item>
      <PriceUpdateDate>2020-01-20 00:14</PriceUpdateDate>
      <ItemCode>7290016621358</ItemCode>
      <ItemType>1</ItemType>
      <ItemName>אל סבון ורוד קמיל 1ליטר</ItemName>
      <ManufacturerName>CHEMIPAL  FISHER (BIO</ManufacturerName>
      <ManufactureCountry>IL</ManufactureCountry>
      <ManufacturerItemDescription>אל סבון קמיל</ManufacturerItemDescription>
      <UnitQty>ליטרים</UnitQty>
      <Quantity>1.00</Quantity>
      <bIsWeighted>0</bIsWeighted>
      <UnitOfMeasure>ליטר</UnitOfMeasure>
      <QtyInPackage>1</QtyInPackage>
      <ItemPrice>13.90</ItemPrice>
      <UnitOfMeasurePrice>13.90</UnitOfMeasurePrice>
      <AllowDiscount>1</AllowDiscount>
      <ItemStatus>1</ItemStatus>
    </Item>
    <Item>
      <PriceUpdateDate>2020-01-20 00:14</PriceUpdateDate>
      <ItemCode>7290016621365</ItemCode>
      <ItemType>1</ItemType>
      <ItemName>אל סבון כחול קמיל 1ליטר</ItemName>
      <ManufacturerName>CHEMIPAL  FISHER (BIO</ManufacturerName>
      <ManufactureCountry>IL</ManufactureCountry>
      <ManufacturerItemDescription>אל סבון קמיל</ManufacturerItemDescription>
      <UnitQty>ליטרים</UnitQty>
      <Quantity>1.00</Quantity>
      <bIsWeighted>0</bIsWeighted>
      <UnitOfMeasure>ליטר</UnitOfMeasure>
      <QtyInPackage>1</QtyInPackage>
      <ItemPrice>13.90</ItemPrice>
      <UnitOfMeasurePrice>13.90</UnitOfMeasurePrice>
      <AllowDiscount>1</AllowDiscount>
      <ItemStatus>1</ItemStatus>
    </Item>
    <Item>
      <PriceUpdateDate>2020-10-10 21:00</PriceUpdateDate>
      <ItemCode>7290016692198</ItemCode>
      <ItemType>1</ItemType>
      <ItemName>קלאסיק משחת החתלה קלנדול</ItemName>
      <ManufacturerName>מאמי קר</ManufacturerName>
      <ManufactureCountry>IL</ManufactureCountry>
      <ManufacturerItemDescription>קלאסיק משחת החתל</ManufacturerItemDescription>
      <UnitQty>מיליליטרים</UnitQty>
      <Quantity>120.00</Quantity>
      <bIsWeighted>0</bIsWeighted>
      <UnitOfMeasure>100 מ"ל</UnitOfMeasure>
      <QtyInPackage>1</QtyInPackage>
      <ItemPrice>16.90</ItemPrice>
      <UnitOfMeasurePrice>14.08</UnitOfMeasurePrice>
      <AllowDiscount>1</AllowDiscount>
      <ItemStatus>1</ItemStatus>
    </Item>
    <Item>
      <PriceUpdateDate>2020-01-20 00:21</PriceUpdateDate>
      <ItemCode>7290016692600</ItemCode>
      <ItemType>1</ItemType>
      <ItemName>מרכך כביסה אקולוגי ורוד</ItemName>
      <ManufacturerName>מאמי קאר</ManufacturerName>
      <ManufactureCountry>IL</ManufactureCountry>
      <ManufacturerItemDescription>מרכך כביסה אקולו</ManufacturerItemDescription>
      <UnitQty>מיליליטרים</UnitQty>
      <Quantity>1000.00</Quantity>
      <bIsWeighted>0</bIsWeighted>
      <UnitOfMeasure>100 מ"ל</UnitOfMeasure>
      <QtyInPackage>1</QtyInPackage>
      <ItemPrice>24.90</ItemPrice>
      <UnitOfMeasurePrice>2.49</UnitOfMeasurePrice>
      <AllowDiscount>1</AllowDiscount>
      <ItemStatus>1</ItemStatus>
    </Item>
    <Item>
      <PriceUpdateDate>2020-01-20 00:14</PriceUpdateDate>
      <ItemCode>7290016732672</ItemCode>
      <ItemType>1</ItemType>
      <ItemName>מברשת סנסודיין הגנה מלאה</ItemName>
      <ManufacturerName>גלקסוסמיתקליין</ManufacturerName>
      <ManufactureCountry>CN</ManufactureCountry>
      <ManufacturerItemDescription>מברשת סנסודיין</ManufacturerItemDescription>
      <UnitQty>יחידה</UnitQty>
      <Quantity>1.00</Quantity>
      <bIsWeighted>0</bIsWeighted>
      <UnitOfMeasure>יחידה</UnitOfMeasure>
      <QtyInPackage>1</QtyInPackage>
      <ItemPrice>24.90</ItemPrice>
      <UnitOfMeasurePrice>24.90</UnitOfMeasurePrice>
      <AllowDiscount>1</AllowDiscount>
      <ItemStatus>1</ItemStatus>
    </Item>
    <Item>
      <PriceUpdateDate>2020-10-10 20:20</PriceUpdateDate>
      <ItemCode>7290016866643</ItemCode>
      <ItemType>1</ItemType>
      <ItemName>משחה פרודונטקס פרש 75מ"ל</ItemName>
      <ManufacturerName>MICLEN DE</ManufacturerName>
      <ManufactureCountry>SK</ManufactureCountry>
      <ManufacturerItemDescription>משחה פרודונטקס</ManufacturerItemDescription>
      <UnitQty>מיליליטרים</UnitQty>
      <Quantity>75.00</Quantity>
      <bIsWeighted>0</bIsWeighted>
      <UnitOfMeasure>100 מ"ל</UnitOfMeasure>
      <QtyInPackage>1</QtyInPackage>
      <ItemPrice>23.90</ItemPrice>
      <UnitOfMeasurePrice>31.87</UnitOfMeasurePrice>
      <AllowDiscount>1</AllowDiscount>
      <ItemStatus>1</ItemStatus>
    </Item>
    <Item>
      <PriceUpdateDate>2020-10-10 20:20</PriceUpdateDate>
      <ItemCode>7290016866650</ItemCode>
      <ItemType>1</ItemType>
      <ItemName>מש.פרודונטקס אוריגינל75מ</ItemName>
      <ManufacturerName>MICLEN DE</ManufacturerName>
      <ManufactureCountry>SK</ManufactureCountry>
      <ManufacturerItemDescription>משחה פרודונטקס</ManufacturerItemDescription>
      <UnitQty>מיליליטרים</UnitQty>
      <Quantity>75.00</Quantity>
      <bIsWeighted>0</bIsWeighted>
      <UnitOfMeasure>100 מ"ל</UnitOfMeasure>
      <QtyInPackage>1</QtyInPackage>
      <ItemPrice>23.90</ItemPrice>
      <UnitOfMeasurePrice>31.87</UnitOfMeasurePrice>
      <AllowDiscount>1</AllowDiscount>
      <ItemStatus>1</ItemStatus>
    </Item>
    <Item>
      <PriceUpdateDate>2020-10-10 20:20</PriceUpdateDate>
      <ItemCode>7290016866667</ItemCode>
      <ItemType>1</ItemType>
      <ItemName>פרודונטקס ללא פלואוריד75</ItemName>
      <ManufacturerName>MICLEN DE</ManufacturerName>
      <ManufactureCountry>SK</ManufactureCountry>
      <ManufacturerItemDescription>משחה פרודונטקס</ManufacturerItemDescription>
      <UnitQty>מיליליטרים</UnitQty>
      <Quantity>75.00</Quantity>
      <bIsWeighted>0</bIsWeighted>
      <UnitOfMeasure>100 מ"ל</UnitOfMeasure>
      <QtyInPackage>1</QtyInPackage>
      <ItemPrice>23.90</ItemPrice>
      <UnitOfMeasurePrice>31.87</UnitOfMeasurePrice>
      <AllowDiscount>1</AllowDiscount>
      <ItemStatus>1</ItemStatus>
    </Item>
    <Item>
      <PriceUpdateDate>2020-10-10 20:20</PriceUpdateDate>
      <ItemCode>7290016866674</ItemCode>
      <ItemType>1</ItemType>
      <ItemName>משחה פרודונטקס מלבינה75מ</ItemName>
      <ManufacturerName>MICLEN DE</ManufacturerName>
      <ManufactureCountry>SK</ManufactureCountry>
      <ManufacturerItemDescription>משחה פרודונטקס</ManufacturerItemDescription>
      <UnitQty>מיליליטרים</UnitQty>
      <Quantity>75.00</Quantity>
      <bIsWeighted>0</bIsWeighted>
      <UnitOfMeasure>100 מ"ל</UnitOfMeasure>
      <QtyInPackage>1</QtyInPackage>
      <ItemPrice>23.90</ItemPrice>
      <UnitOfMeasurePrice>31.87</UnitOfMeasurePrice>
      <AllowDiscount>1</AllowDiscount>
      <ItemStatus>1</ItemStatus>
    </Item>
    <Item>
      <PriceUpdateDate>2020-01-20 00:14</PriceUpdateDate>
      <ItemCode>7290016866704</ItemCode>
      <ItemType>1</ItemType>
      <ItemName>שמפו קרטין E סטייל750מ"ל</ItemName>
      <ManufacturerName>גורי</ManufacturerName>
      <ManufactureCountry>IL</ManufactureCountry>
      <ManufacturerItemDescription>שמפו קרטין</ManufacturerItemDescription>
      <UnitQty>מיליליטרים</UnitQty>
      <Quantity>750.00</Quantity>
      <bIsWeighted>0</bIsWeighted>
      <UnitOfMeasure>100 מ"ל</UnitOfMeasure>
      <QtyInPackage>1</QtyInPackage>
      <ItemPrice>27.90</ItemPrice>
      <UnitOfMeasurePrice>3.72</UnitOfMeasurePrice>
      <AllowDiscount>1</AllowDiscount>
      <ItemStatus>1</ItemStatus>
    </Item>
    <Item>
      <PriceUpdateDate>2020-01-20 00:14</PriceUpdateDate>
      <ItemCode>7290016866711</ItemCode>
      <ItemType>1</ItemType>
      <ItemName>מרכך קרטין E סטייל750מ"ל</ItemName>
      <ManufacturerName>א.ל ארמן</ManufacturerName>
      <ManufactureCountry>IL</ManufactureCountry>
      <ManufacturerItemDescription>מרכך קרטין</ManufacturerItemDescription>
      <UnitQty>מיליליטרים</UnitQty>
      <Quantity>750.00</Quantity>
      <bIsWeighted>0</bIsWeighted>
      <UnitOfMeasure>100 מ"ל</UnitOfMeasure>
      <QtyInPackage>1</QtyInPackage>
      <ItemPrice>27.90</ItemPrice>
      <UnitOfMeasurePrice>3.72</UnitOfMeasurePrice>
      <AllowDiscount>1</AllowDiscount>
      <ItemStatus>1</ItemStatus>
    </Item>
    <Item>
      <PriceUpdateDate>2020-01-20 00:14</PriceUpdateDate>
      <ItemCode>7290016912500</ItemCode>
      <ItemType>1</ItemType>
      <ItemName>תרחיץ פנים אפרטיב רגי180</ItemName>
      <ManufacturerName>פישר מעבדות פרמצבטיות בע</ManufacturerName>
      <ManufactureCountry>IL</ManufactureCountry>
      <ManufacturerItemDescription>תרחיץ פנים</ManufacturerItemDescription>
      <UnitQty>מיליליטרים</UnitQty>
      <Quantity>180.00</Quantity>
      <bIsWeighted>0</bIsWeighted>
      <UnitOfMeasure>100 מ"ל</UnitOfMeasure>
      <QtyInPackage>1</QtyInPackage>
      <ItemPrice>16.90</ItemPrice>
      <UnitOfMeasurePrice>9.39</UnitOfMeasurePrice>
      <AllowDiscount>1</AllowDiscount>
      <ItemStatus>1</ItemStatus>
    </Item>
    <Item>
      <PriceUpdateDate>2020-01-20 00:21</PriceUpdateDate>
      <ItemCode>7290016912609</ItemCode>
      <ItemType>1</ItemType>
      <ItemName>סרקל מסכת הזנה לילדים200</ItemName>
      <ManufacturerName>פישר מעבדות פרמצבטיות בע</ManufacturerName>
      <ManufactureCountry>IL</ManufactureCountry>
      <ManufacturerItemDescription>מסכת סרקל</ManufacturerItemDescription>
      <UnitQty>מיליליטרים</UnitQty>
      <Quantity>200.00</Quantity>
      <bIsWeighted>0</bIsWeighted>
      <UnitOfMeasure>100 מ"ל</UnitOfMeasure>
      <QtyInPackage>1</QtyInPackage>
      <ItemPrice>23.90</ItemPrice>
      <UnitOfMeasurePrice>11.95</UnitOfMeasurePrice>
      <AllowDiscount>1</AllowDiscount>
      <ItemStatus>1</ItemStatus>
    </Item>
    <Item>
      <PriceUpdateDate>2020-01-20 00:21</PriceUpdateDate>
      <ItemCode>7290016912616</ItemCode>
      <ItemType>1</ItemType>
      <ItemName>שמפו סרקל בלונד 1 ליטר</ItemName>
      <ManufacturerName>פישר מעבדות פרמצבטיות בע</ManufacturerName>
      <ManufactureCountry>IL</ManufactureCountry>
      <ManufacturerItemDescription>שמפו סרקל בלונד</ManufacturerItemDescription>
      <UnitQty>ליטרים</UnitQty>
      <Quantity>1.00</Quantity>
      <bIsWeighted>0</bIsWeighted>
      <UnitOfMeasure>ליטר</UnitOfMeasure>
      <QtyInPackage>1</QtyInPackage>
      <ItemPrice>26.90</ItemPrice>
      <UnitOfMeasurePrice>26.90</UnitOfMeasurePrice>
      <AllowDiscount>1</AllowDiscount>
      <ItemStatus>1</ItemStatus>
    </Item>
    <Item>
      <PriceUpdateDate>2020-08-14 05:43</PriceUpdateDate>
      <ItemCode>7290016948189</ItemCode>
      <ItemType>1</ItemType>
      <ItemName>מסכת פנים ילדים 40 יח'</ItemName>
      <ManufacturerName>פארמה דיל</ManufacturerName>
      <ManufactureCountry>IL</ManufactureCountry>
      <ManufacturerItemDescription>מסכת פנים ילדים</ManufacturerItemDescription>
      <UnitQty>יחידה</UnitQty>
      <Quantity>1.00</Quantity>
      <bIsWeighted>0</bIsWeighted>
      <UnitOfMeasure>יחידה</UnitOfMeasure>
      <QtyInPackage>1</QtyInPackage>
      <ItemPrice>19.90</ItemPrice>
      <UnitOfMeasurePrice>19.90</UnitOfMeasurePrice>
      <AllowDiscount>1</AllowDiscount>
      <ItemStatus>1</ItemStatus>
    </Item>
    <Item>
      <PriceUpdateDate>2020-01-20 00:14</PriceUpdateDate>
      <ItemCode>7290017031705</ItemCode>
      <ItemType>1</ItemType>
      <ItemName>סנסודיין קלין&amp;פרש 75 מ"ל</ItemName>
      <ManufacturerName>MICLEN DE</ManufacturerName>
      <ManufactureCountry>SK</ManufactureCountry>
      <ManufacturerItemDescription>משחת סנסודיין</ManufacturerItemDescription>
      <UnitQty>מיליליטרים</UnitQty>
      <Quantity>75.00</Quantity>
      <bIsWeighted>0</bIsWeighted>
      <UnitOfMeasure>100 מ"ל</UnitOfMeasure>
      <QtyInPackage>1</QtyInPackage>
      <ItemPrice>18.90</ItemPrice>
      <UnitOfMeasurePrice>25.20</UnitOfMeasurePrice>
      <AllowDiscount>1</AllowDiscount>
      <ItemStatus>1</ItemStatus>
    </Item>
    <Item>
      <PriceUpdateDate>2020-10-10 20:20</PriceUpdateDate>
      <ItemCode>7290017031811</ItemCode>
      <ItemType>1</ItemType>
      <ItemName>מברשות שיניים בליסטר 2*</ItemName>
      <ManufacturerName>L Co., Industrial Shummi</ManufacturerName>
      <ManufactureCountry>CN</ManufactureCountry>
      <ManufacturerItemDescription>מברשות שיניים בל</ManufacturerItemDescription>
      <UnitQty>יחידה</UnitQty>
      <Quantity>1.00</Quantity>
      <bIsWeighted>0</bIsWeighted>
      <UnitOfMeasure>יחידה</UnitOfMeasure>
      <QtyInPackage>1</QtyInPackage>
      <ItemPrice>19.90</ItemPrice>
      <UnitOfMeasurePrice>19.90</UnitOfMeasurePrice>
      <AllowDiscount>1</AllowDiscount>
      <ItemStatus>1</ItemStatus>
    </Item>
    <Item>
      <PriceUpdateDate>2020-01-20 00:21</PriceUpdateDate>
      <ItemCode>7290017088068</ItemCode>
      <ItemType>1</ItemType>
      <ItemName>42חיתולי בייביסיטר מידה4</ItemName>
      <ManufacturerName>די.פי.אל תעשיות מוצרים ח</ManufacturerName>
      <ManufactureCountry>IL</ManufactureCountry>
      <ManufacturerItemDescription>חיתולי בייביסיטר</ManufacturerItemDescription>
      <UnitQty>יחידה</UnitQty>
      <Quantity>1.00</Quantity>
      <bIsWeighted>0</bIsWeighted>
      <UnitOfMeasure>יחידה</UnitOfMeasure>
      <QtyInPackage>1</QtyInPackage>
      <ItemPrice>35.90</ItemPrice>
      <UnitOfMeasurePrice>35.90</UnitOfMeasurePrice>
      <AllowDiscount>1</AllowDiscount>
      <ItemStatus>1</ItemStatus>
    </Item>
    <Item>
      <PriceUpdateDate>2020-01-20 00:21</PriceUpdateDate>
      <ItemCode>7290017088075</ItemCode>
      <ItemType>1</ItemType>
      <ItemName>40חיתול בייביסיטר מידה+4</ItemName>
      <ManufacturerName>די.פי.אל תעשיות מוצרים ח</ManufacturerName>
      <ManufactureCountry>IL</ManufactureCountry>
      <ManufacturerItemDescription>חיתולי בייביסיטר</ManufacturerItemDescription>
      <UnitQty>יחידה</UnitQty>
      <Quantity>1.00</Quantity>
      <bIsWeighted>0</bIsWeighted>
      <UnitOfMeasure>יחידה</UnitOfMeasure>
      <QtyInPackage>1</QtyInPackage>
      <ItemPrice>35.90</ItemPrice>
      <UnitOfMeasurePrice>35.90</UnitOfMeasurePrice>
      <AllowDiscount>1</AllowDiscount>
      <ItemStatus>1</ItemStatus>
    </Item>
    <Item>
      <PriceUpdateDate>2020-01-20 00:21</PriceUpdateDate>
      <ItemCode>7290017088082</ItemCode>
      <ItemType>1</ItemType>
      <ItemName>36חיתול בייביסיטר  מידה5</ItemName>
      <ManufacturerName>די.פי.אל תעשיות מוצרים ח</ManufacturerName>
      <ManufactureCountry>IL</ManufactureCountry>
      <ManufacturerItemDescription>חיתולי בייביסיטר</ManufacturerItemDescription>
      <UnitQty>יחידה</UnitQty>
      <Quantity>1.00</Quantity>
      <bIsWeighted>0</bIsWeighted>
      <UnitOfMeasure>יחידה</UnitOfMeasure>
      <QtyInPackage>1</QtyInPackage>
      <ItemPrice>35.90</ItemPrice>
      <UnitOfMeasurePrice>35.90</UnitOfMeasurePrice>
      <AllowDiscount>1</AllowDiscount>
      <ItemStatus>1</ItemStatus>
    </Item>
    <Item>
      <PriceUpdateDate>2020-07-13 16:00</PriceUpdateDate>
      <ItemCode>7290017088099</ItemCode>
      <ItemType>1</ItemType>
      <ItemName>30חיתולי בייביסיטר מידה6</ItemName>
      <ManufacturerName>די.פי.אל תעשיות מוצרים ח</ManufacturerName>
      <ManufactureCountry>IL</ManufactureCountry>
      <ManufacturerItemDescription>חיתולי בייביסיטר</ManufacturerItemDescription>
      <UnitQty>יחידה</UnitQty>
      <Quantity>1.00</Quantity>
      <bIsWeighted>0</bIsWeighted>
      <UnitOfMeasure>יחידה</UnitOfMeasure>
      <QtyInPackage>1</QtyInPackage>
      <ItemPrice>30.90</ItemPrice>
      <UnitOfMeasurePrice>30.90</UnitOfMeasurePrice>
      <AllowDiscount>1</AllowDiscount>
      <ItemStatus>1</ItemStatus>
    </Item>
    <Item>
      <PriceUpdateDate>2020-06-04 12:24</PriceUpdateDate>
      <ItemCode>7290017088242</ItemCode>
      <ItemType>1</ItemType>
      <ItemName>מגבון בייבי בייסיק 72 יח</ItemName>
      <ManufacturerName>DPL פרומדיקו</ManufacturerName>
      <ManufactureCountry>IL</ManufactureCountry>
      <ManufacturerItemDescription>מגבון בייבי בייס</ManufacturerItemDescription>
      <UnitQty>יחידה</UnitQty>
      <Quantity>1.00</Quantity>
      <bIsWeighted>0</bIsWeighted>
      <UnitOfMeasure>יחידה</UnitOfMeasure>
      <QtyInPackage>1</QtyInPackage>
      <ItemPrice>3.90</ItemPrice>
      <UnitOfMeasurePrice>3.90</UnitOfMeasurePrice>
      <AllowDiscount>1</AllowDiscount>
      <ItemStatus>1</ItemStatus>
    </Item>
    <Item>
      <PriceUpdateDate>2020-03-22 11:54</PriceUpdateDate>
      <ItemCode>7290017088303</ItemCode>
      <ItemType>1</ItemType>
      <ItemName>קוויק  GO TO לניקוי וחיט</ItemName>
      <ManufacturerName>די.פי.אל</ManufacturerName>
      <ManufactureCountry>IL</ManufactureCountry>
      <ManufacturerItemDescription>קוויק  GO TO לני</ManufacturerItemDescription>
      <UnitQty>יחידה</UnitQty>
      <Quantity>1.00</Quantity>
      <bIsWeighted>0</bIsWeighted>
      <UnitOfMeasure>יחידה</UnitOfMeasure>
      <QtyInPackage>0</QtyInPackage>
      <ItemPrice>6.90</ItemPrice>
      <UnitOfMeasurePrice>6.90</UnitOfMeasurePrice>
      <AllowDiscount>1</AllowDiscount>
      <ItemStatus>1</ItemStatus>
    </Item>
    <Item>
      <PriceUpdateDate>2020-09-11 05:42</PriceUpdateDate>
      <ItemCode>7290017088327</ItemCode>
      <ItemType>1</ItemType>
      <ItemName>מגבוני בייביסיטר 64*4יח</ItemName>
      <ManufacturerName>די.פי.אל</ManufacturerName>
      <ManufactureCountry>IL</ManufactureCountry>
      <ManufacturerItemDescription>מגבוני בייביסיטר</ManufacturerItemDescription>
      <UnitQty>יחידה</UnitQty>
      <Quantity>1.00</Quantity>
      <bIsWeighted>0</bIsWeighted>
      <UnitOfMeasure>יחידה</UnitOfMeasure>
      <QtyInPackage>1</QtyInPackage>
      <ItemPrice>18.90</ItemPrice>
      <UnitOfMeasurePrice>18.90</UnitOfMeasurePrice>
      <AllowDiscount>1</AllowDiscount>
      <ItemStatus>1</ItemStatus>
    </Item>
    <Item>
      <PriceUpdateDate>2020-10-10 21:00</PriceUpdateDate>
      <ItemCode>7290017088730</ItemCode>
      <ItemType>1</ItemType>
      <ItemName>מגבון ידיים 70% אלכוהול</ItemName>
      <ManufacturerName>נאופארם</ManufacturerName>
      <ManufactureCountry>IL</ManufactureCountry>
      <ManufacturerItemDescription>מגבון ידיים 70%</ManufacturerItemDescription>
      <UnitQty>יחידה</UnitQty>
      <Quantity>1.00</Quantity>
      <bIsWeighted>0</bIsWeighted>
      <UnitOfMeasure>יחידה</UnitOfMeasure>
      <QtyInPackage>1</QtyInPackage>
      <ItemPrice>9.90</ItemPrice>
      <UnitOfMeasurePrice>9.90</UnitOfMeasurePrice>
      <AllowDiscount>1</AllowDiscount>
      <ItemStatus>1</ItemStatus>
    </Item>
    <Item>
      <PriceUpdateDate>2020-10-10 21:00</PriceUpdateDate>
      <ItemCode>7290017088747</ItemCode>
      <ItemType>1</ItemType>
      <ItemName>מגבון ידיים 70% אלכוהול</ItemName>
      <ManufacturerName>נאופארם</ManufacturerName>
      <ManufactureCountry>IL</ManufactureCountry>
      <ManufacturerItemDescription>מגבון ידיים 70%</ManufacturerItemDescription>
      <UnitQty>יחידה</UnitQty>
      <Quantity>1.00</Quantity>
      <bIsWeighted>0</bIsWeighted>
      <UnitOfMeasure>יחידה</UnitOfMeasure>
      <QtyInPackage>1</QtyInPackage>
      <ItemPrice>9.90</ItemPrice>
      <UnitOfMeasurePrice>9.90</UnitOfMeasurePrice>
      <AllowDiscount>1</AllowDiscount>
      <ItemStatus>1</ItemStatus>
    </Item>
    <Item>
      <PriceUpdateDate>2020-08-02 14:54</PriceUpdateDate>
      <ItemCode>7290017374338</ItemCode>
      <ItemType>1</ItemType>
      <ItemName>כפפות ניטריל m שחור</ItemName>
      <ManufacturerName>מ.א</ManufacturerName>
      <ManufactureCountry>IL</ManufactureCountry>
      <ManufacturerItemDescription>כפפות ניטריל m</ManufacturerItemDescription>
      <UnitQty>יחידה</UnitQty>
      <Quantity>1.00</Quantity>
      <bIsWeighted>0</bIsWeighted>
      <UnitOfMeasure>יחידה</UnitOfMeasure>
      <QtyInPackage>1</QtyInPackage>
      <ItemPrice>49.90</ItemPrice>
      <UnitOfMeasurePrice>49.90</UnitOfMeasurePrice>
      <AllowDiscount>1</AllowDiscount>
      <ItemStatus>1</ItemStatus>
    </Item>
    <Item>
      <PriceUpdateDate>2020-08-02 14:54</PriceUpdateDate>
      <ItemCode>7290017374345</ItemCode>
      <ItemType>1</ItemType>
      <ItemName>כפפות L ניטריל שחור100יח</ItemName>
      <ManufacturerName>מ.א</ManufacturerName>
      <ManufactureCountry>TH</ManufactureCountry>
      <ManufacturerItemDescription>כפפות ניטריל L</ManufacturerItemDescription>
      <UnitQty>יחידה</UnitQty>
      <Quantity>1.00</Quantity>
      <bIsWeighted>0</bIsWeighted>
      <UnitOfMeasure>יחידה</UnitOfMeasure>
      <QtyInPackage>1</QtyInPackage>
      <ItemPrice>49.90</ItemPrice>
      <UnitOfMeasurePrice>49.90</UnitOfMeasurePrice>
      <AllowDiscount>1</AllowDiscount>
      <ItemStatus>1</ItemStatus>
    </Item>
    <Item>
      <PriceUpdateDate>2020-08-02 14:54</PriceUpdateDate>
      <ItemCode>7290017374352</ItemCode>
      <ItemType>1</ItemType>
      <ItemName>כפפות ניטריל XL שחור</ItemName>
      <ManufacturerName>מ.א</ManufacturerName>
      <ManufactureCountry>IL</ManufactureCountry>
      <ManufacturerItemDescription>כפפות ניטריל XL</ManufacturerItemDescription>
      <UnitQty>יחידה</UnitQty>
      <Quantity>1.00</Quantity>
      <bIsWeighted>0</bIsWeighted>
      <UnitOfMeasure>יחידה</UnitOfMeasure>
      <QtyInPackage>1</QtyInPackage>
      <ItemPrice>49.90</ItemPrice>
      <UnitOfMeasurePrice>49.90</UnitOfMeasurePrice>
      <AllowDiscount>1</AllowDiscount>
      <ItemStatus>1</ItemStatus>
    </Item>
    <Item>
      <PriceUpdateDate>2020-02-21 05:40</PriceUpdateDate>
      <ItemCode>7290017407869</ItemCode>
      <ItemType>1</ItemType>
      <ItemName>פיגמנט נוזלי טינט</ItemName>
      <ManufacturerName>כללי</ManufacturerName>
      <ManufactureCountry>IL</ManufactureCountry>
      <ManufacturerItemDescription>פיגמנט נוזלי</ManufacturerItemDescription>
      <UnitQty>יחידה</UnitQty>
      <Quantity>1.00</Quantity>
      <bIsWeighted>0</bIsWeighted>
      <UnitOfMeasure>יחידה</UnitOfMeasure>
      <QtyInPackage>1</QtyInPackage>
      <ItemPrice>119.00</ItemPrice>
      <UnitOfMeasurePrice>119.00</UnitOfMeasurePrice>
      <AllowDiscount>1</AllowDiscount>
      <ItemStatus>1</ItemStatus>
    </Item>
    <Item>
      <PriceUpdateDate>2020-07-09 10:48</PriceUpdateDate>
      <ItemCode>7290017407968</ItemCode>
      <ItemType>1</ItemType>
      <ItemName>belle LA מארז עיצוב גבות</ItemName>
      <ManufacturerName>כללי</ManufacturerName>
      <ManufactureCountry>IL</ManufactureCountry>
      <ManufacturerItemDescription>belle LA מארז עי</ManufacturerItemDescription>
      <UnitQty>יחידה</UnitQty>
      <Quantity>1.00</Quantity>
      <bIsWeighted>0</bIsWeighted>
      <UnitOfMeasure>יחידה</UnitOfMeasure>
      <QtyInPackage>1</QtyInPackage>
      <ItemPrice>137.80</ItemPrice>
      <UnitOfMeasurePrice>137.80</UnitOfMeasurePrice>
      <AllowDiscount>1</AllowDiscount>
      <ItemStatus>1</ItemStatus>
    </Item>
    <Item>
      <PriceUpdateDate>2020-08-28 05:42</PriceUpdateDate>
      <ItemCode>7290017407975</ItemCode>
      <ItemType>1</ItemType>
      <ItemName>BELLACIAO איילנר</ItemName>
      <ManufacturerName />
      <ManufactureCountry />
      <ManufacturerItemDescription>BELLACIAO איילנר</ManufacturerItemDescription>
      <UnitQty>יחידה</UnitQty>
      <Quantity>1.00</Quantity>
      <bIsWeighted>0</bIsWeighted>
      <UnitOfMeasure>יחידה</UnitOfMeasure>
      <QtyInPackage>0</QtyInPackage>
      <ItemPrice>119.00</ItemPrice>
      <UnitOfMeasurePrice>119.00</UnitOfMeasurePrice>
      <AllowDiscount>1</AllowDiscount>
      <ItemStatus>1</ItemStatus>
    </Item>
    <Item>
      <PriceUpdateDate>2020-01-20 00:21</PriceUpdateDate>
      <ItemCode>7290017440231</ItemCode>
      <ItemType>1</ItemType>
      <ItemName>שמפו לשיער מתולתל סרקל</ItemName>
      <ManufacturerName>פישר מעבדות פרמצבטיות בע</ManufacturerName>
      <ManufactureCountry>IL</ManufactureCountry>
      <ManufacturerItemDescription>שמפו סרקל</ManufacturerItemDescription>
      <UnitQty>ליטרים</UnitQty>
      <Quantity>1.00</Quantity>
      <bIsWeighted>0</bIsWeighted>
      <UnitOfMeasure>ליטר</UnitOfMeasure>
      <QtyInPackage>1</QtyInPackage>
      <ItemPrice>26.90</ItemPrice>
      <UnitOfMeasurePrice>26.90</UnitOfMeasurePrice>
      <AllowDiscount>1</AllowDiscount>
      <ItemStatus>1</ItemStatus>
    </Item>
    <Item>
      <PriceUpdateDate>2020-01-20 00:21</PriceUpdateDate>
      <ItemCode>7290017440248</ItemCode>
      <ItemType>1</ItemType>
      <ItemName>מרכך לשיער מתולתל סרקל</ItemName>
      <ManufacturerName>פישר מעבדות פרמצבטיות בע</ManufacturerName>
      <ManufactureCountry>IL</ManufactureCountry>
      <ManufacturerItemDescription>מרכך סרקל</ManufacturerItemDescription>
      <UnitQty>ליטרים</UnitQty>
      <Quantity>1.00</Quantity>
      <bIsWeighted>0</bIsWeighted>
      <UnitOfMeasure>ליטר</UnitOfMeasure>
      <QtyInPackage>1</QtyInPackage>
      <ItemPrice>26.90</ItemPrice>
      <UnitOfMeasurePrice>26.90</UnitOfMeasurePrice>
      <AllowDiscount>1</AllowDiscount>
      <ItemStatus>1</ItemStatus>
    </Item>
    <Item>
      <PriceUpdateDate>2020-10-10 20:20</PriceUpdateDate>
      <ItemCode>7290017440279</ItemCode>
      <ItemType>1</ItemType>
      <ItemName>אל סבון קידס ויטמינים</ItemName>
      <ManufacturerName>CHEMIPAL  FISHER (BIO</ManufacturerName>
      <ManufactureCountry>IL</ManufactureCountry>
      <ManufacturerItemDescription>אל סבון ויטמינים</ManufacturerItemDescription>
      <UnitQty>מיליליטרים</UnitQty>
      <Quantity>750.00</Quantity>
      <bIsWeighted>0</bIsWeighted>
      <UnitOfMeasure>100 מ"ל</UnitOfMeasure>
      <QtyInPackage>1</QtyInPackage>
      <ItemPrice>13.90</ItemPrice>
      <UnitOfMeasurePrice>1.85</UnitOfMeasurePrice>
      <AllowDiscount>1</AllowDiscount>
      <ItemStatus>1</ItemStatus>
    </Item>
    <Item>
      <PriceUpdateDate>2020-10-10 20:20</PriceUpdateDate>
      <ItemCode>7290017440286</ItemCode>
      <ItemType>1</ItemType>
      <ItemName>מרכך קידס ויטמינים</ItemName>
      <ManufacturerName>CHEMIPAL  FISHER (BIO</ManufacturerName>
      <ManufactureCountry>IL</ManufactureCountry>
      <ManufacturerItemDescription>מרכך קידס</ManufacturerItemDescription>
      <UnitQty>מיליליטרים</UnitQty>
      <Quantity>750.00</Quantity>
      <bIsWeighted>0</bIsWeighted>
      <UnitOfMeasure>100 מ"ל</UnitOfMeasure>
      <QtyInPackage>1</QtyInPackage>
      <ItemPrice>13.90</ItemPrice>
      <UnitOfMeasurePrice>1.85</UnitOfMeasurePrice>
      <AllowDiscount>1</AllowDiscount>
      <ItemStatus>1</ItemStatus>
    </Item>
    <Item>
      <PriceUpdateDate>2020-10-10 20:20</PriceUpdateDate>
      <ItemCode>7290017440309</ItemCode>
      <ItemType>1</ItemType>
      <ItemName>שמפו קידס ויטמינים</ItemName>
      <ManufacturerName>CHEMIPAL  FISHER (BIO</ManufacturerName>
      <ManufactureCountry>IL</ManufactureCountry>
      <ManufacturerItemDescription>שמפו קידס</ManufacturerItemDescription>
      <UnitQty>מיליליטרים</UnitQty>
      <Quantity>750.00</Quantity>
      <bIsWeighted>0</bIsWeighted>
      <UnitOfMeasure>100 מ"ל</UnitOfMeasure>
      <QtyInPackage>1</QtyInPackage>
      <ItemPrice>13.90</ItemPrice>
      <UnitOfMeasurePrice>1.85</UnitOfMeasurePrice>
      <AllowDiscount>1</AllowDiscount>
      <ItemStatus>1</ItemStatus>
    </Item>
    <Item>
      <PriceUpdateDate>2020-01-20 00:14</PriceUpdateDate>
      <ItemCode>7290017440699</ItemCode>
      <ItemType>1</ItemType>
      <ItemName>מרכך לשיער בלונד 400 מ"ל</ItemName>
      <ManufacturerName>CHEMIPAL  FISHER (BIO</ManufacturerName>
      <ManufactureCountry>IL</ManufactureCountry>
      <ManufacturerItemDescription>מרכך לשיער</ManufacturerItemDescription>
      <UnitQty>מיליליטרים</UnitQty>
      <Quantity>400.00</Quantity>
      <bIsWeighted>0</bIsWeighted>
      <UnitOfMeasure>100 מ"ל</UnitOfMeasure>
      <QtyInPackage>1</QtyInPackage>
      <ItemPrice>29.90</ItemPrice>
      <UnitOfMeasurePrice>7.48</UnitOfMeasurePrice>
      <AllowDiscount>1</AllowDiscount>
      <ItemStatus>1</ItemStatus>
    </Item>
    <Item>
      <PriceUpdateDate>2020-10-10 20:20</PriceUpdateDate>
      <ItemCode>7290017440804</ItemCode>
      <ItemType>1</ItemType>
      <ItemName>מסכה לשיער לשיער כסוף500</ItemName>
      <ManufacturerName>CHEMIPAL  FISHER (BIO</ManufacturerName>
      <ManufactureCountry>IL</ManufactureCountry>
      <ManufacturerItemDescription>מסכה לשיער</ManufacturerItemDescription>
      <UnitQty>מיליליטרים</UnitQty>
      <Quantity>500.00</Quantity>
      <bIsWeighted>0</bIsWeighted>
      <UnitOfMeasure>100 מ"ל</UnitOfMeasure>
      <QtyInPackage>1</QtyInPackage>
      <ItemPrice>26.90</ItemPrice>
      <UnitOfMeasurePrice>5.38</UnitOfMeasurePrice>
      <AllowDiscount>1</AllowDiscount>
      <ItemStatus>1</ItemStatus>
    </Item>
    <Item>
      <PriceUpdateDate>2020-05-06 16:13</PriceUpdateDate>
      <ItemCode>7290017457734</ItemCode>
      <ItemType>1</ItemType>
      <ItemName>מרכך מרוכז סוד ורוד900מל</ItemName>
      <ManufacturerName>---</ManufacturerName>
      <ManufactureCountry>IL</ManufactureCountry>
      <ManufacturerItemDescription>מרכך מרוכז סוד</ManufacturerItemDescription>
      <UnitQty>מיליליטרים</UnitQty>
      <Quantity>900.00</Quantity>
      <bIsWeighted>0</bIsWeighted>
      <UnitOfMeasure>100 מ"ל</UnitOfMeasure>
      <QtyInPackage>1</QtyInPackage>
      <ItemPrice>15.90</ItemPrice>
      <UnitOfMeasurePrice>1.77</UnitOfMeasurePrice>
      <AllowDiscount>1</AllowDiscount>
      <ItemStatus>1</ItemStatus>
    </Item>
    <Item>
      <PriceUpdateDate>2020-06-09 07:52</PriceUpdateDate>
      <ItemCode>7290017457970</ItemCode>
      <ItemType>1</ItemType>
      <ItemName>דיסקס קפסול.ג'ל פרסיל22י</ItemName>
      <ManufacturerName>---</ManufacturerName>
      <ManufactureCountry>HU</ManufactureCountry>
      <ManufacturerItemDescription>פרסיל דיסקס 22יח</ManufacturerItemDescription>
      <UnitQty>יחידה</UnitQty>
      <Quantity>1.00</Quantity>
      <bIsWeighted>0</bIsWeighted>
      <UnitOfMeasure>יחידה</UnitOfMeasure>
      <QtyInPackage>1</QtyInPackage>
      <ItemPrice>38.40</ItemPrice>
      <UnitOfMeasurePrice>38.40</UnitOfMeasurePrice>
      <AllowDiscount>1</AllowDiscount>
      <ItemStatus>1</ItemStatus>
    </Item>
    <Item>
      <PriceUpdateDate>2020-10-13 22:40</PriceUpdateDate>
      <ItemCode>7290017619323</ItemCode>
      <ItemType>1</ItemType>
      <ItemName>ספוג פלא שישייה יח'</ItemName>
      <ManufacturerName>מוסקו</ManufacturerName>
      <ManufactureCountry>IL</ManufactureCountry>
      <ManufacturerItemDescription>ספוג פלא שישייה</ManufacturerItemDescription>
      <UnitQty>יחידה</UnitQty>
      <Quantity>1.00</Quantity>
      <bIsWeighted>0</bIsWeighted>
      <UnitOfMeasure>יחידה</UnitOfMeasure>
      <QtyInPackage>1</QtyInPackage>
      <ItemPrice>5.00</ItemPrice>
      <UnitOfMeasurePrice>5.00</UnitOfMeasurePrice>
      <AllowDiscount>1</AllowDiscount>
      <ItemStatus>1</ItemStatus>
    </Item>
    <Item>
      <PriceUpdateDate>2020-01-20 00:14</PriceUpdateDate>
      <ItemCode>7290017683201</ItemCode>
      <ItemType>1</ItemType>
      <ItemName>קרם לבטן 100 מ"ל</ItemName>
      <ManufacturerName>כללי</ManufacturerName>
      <ManufactureCountry>IL</ManufactureCountry>
      <ManufacturerItemDescription>קרם לבטן</ManufacturerItemDescription>
      <UnitQty>מיליליטרים</UnitQty>
      <Quantity>100.00</Quantity>
      <bIsWeighted>0</bIsWeighted>
      <UnitOfMeasure>100 מ"ל</UnitOfMeasure>
      <QtyInPackage>1</QtyInPackage>
      <ItemPrice>269.00</ItemPrice>
      <UnitOfMeasurePrice>269.00</UnitOfMeasurePrice>
      <AllowDiscount>1</AllowDiscount>
      <ItemStatus>1</ItemStatus>
    </Item>
    <Item>
      <PriceUpdateDate>2020-03-22 11:54</PriceUpdateDate>
      <ItemCode>7290017695044</ItemCode>
      <ItemType>1</ItemType>
      <ItemName>קיט החלקה ושמפו 200 מ"ל</ItemName>
      <ManufacturerName>מיסטר בונד</ManufacturerName>
      <ManufactureCountry>IL</ManufactureCountry>
      <ManufacturerItemDescription>קיט החלקה ושמפו</ManufacturerItemDescription>
      <UnitQty>יחידה</UnitQty>
      <Quantity>1.00</Quantity>
      <bIsWeighted>0</bIsWeighted>
      <UnitOfMeasure>יחידה</UnitOfMeasure>
      <QtyInPackage>1</QtyInPackage>
      <ItemPrice>159.90</ItemPrice>
      <UnitOfMeasurePrice>159.90</UnitOfMeasurePrice>
      <AllowDiscount>1</AllowDiscount>
      <ItemStatus>1</ItemStatus>
    </Item>
    <Item>
      <PriceUpdateDate>2020-01-20 00:14</PriceUpdateDate>
      <ItemCode>7290017695235</ItemCode>
      <ItemType>1</ItemType>
      <ItemName>סרום ויטמינס לאחר החלקה</ItemName>
      <ManufacturerName>מיסטר בונד</ManufacturerName>
      <ManufactureCountry>IL</ManufactureCountry>
      <ManufacturerItemDescription>סרום ויטמינס</ManufacturerItemDescription>
      <UnitQty>מיליליטרים</UnitQty>
      <Quantity>200.00</Quantity>
      <bIsWeighted>0</bIsWeighted>
      <UnitOfMeasure>100 מ"ל</UnitOfMeasure>
      <QtyInPackage>1</QtyInPackage>
      <ItemPrice>49.90</ItemPrice>
      <UnitOfMeasurePrice>24.95</UnitOfMeasurePrice>
      <AllowDiscount>1</AllowDiscount>
      <ItemStatus>1</ItemStatus>
    </Item>
    <Item>
      <PriceUpdateDate>2020-01-20 00:14</PriceUpdateDate>
      <ItemCode>7290017695242</ItemCode>
      <ItemType>1</ItemType>
      <ItemName>שמפו ויטמינס אחר החלקה1ל</ItemName>
      <ManufacturerName>מיסטר בונד</ManufacturerName>
      <ManufactureCountry>IL</ManufactureCountry>
      <ManufacturerItemDescription>שמפו ויטמינס לאח</ManufacturerItemDescription>
      <UnitQty>ליטרים</UnitQty>
      <Quantity>1.00</Quantity>
      <bIsWeighted>0</bIsWeighted>
      <UnitOfMeasure>ליטר</UnitOfMeasure>
      <QtyInPackage>1</QtyInPackage>
      <ItemPrice>39.90</ItemPrice>
      <UnitOfMeasurePrice>39.90</UnitOfMeasurePrice>
      <AllowDiscount>1</AllowDiscount>
      <ItemStatus>1</ItemStatus>
    </Item>
    <Item>
      <PriceUpdateDate>2020-01-20 00:14</PriceUpdateDate>
      <ItemCode>7290017695259</ItemCode>
      <ItemType>1</ItemType>
      <ItemName>מסכה לשיער ויטמינס 500מל</ItemName>
      <ManufacturerName>מיסטר בונד</ManufacturerName>
      <ManufactureCountry>IL</ManufactureCountry>
      <ManufacturerItemDescription>מסכה לשיער ויטמי</ManufacturerItemDescription>
      <UnitQty>מיליליטרים</UnitQty>
      <Quantity>500.00</Quantity>
      <bIsWeighted>0</bIsWeighted>
      <UnitOfMeasure>100 מ"ל</UnitOfMeasure>
      <QtyInPackage>1</QtyInPackage>
      <ItemPrice>39.90</ItemPrice>
      <UnitOfMeasurePrice>7.98</UnitOfMeasurePrice>
      <AllowDiscount>1</AllowDiscount>
      <ItemStatus>1</ItemStatus>
    </Item>
    <Item>
      <PriceUpdateDate>2020-01-20 00:14</PriceUpdateDate>
      <ItemCode>7290017695266</ItemCode>
      <ItemType>1</ItemType>
      <ItemName>קרם לחות ויטמינס 500מל</ItemName>
      <ManufacturerName>מיסטר בונד</ManufacturerName>
      <ManufactureCountry>IL</ManufactureCountry>
      <ManufacturerItemDescription>קרם לחות ויטמינס</ManufacturerItemDescription>
      <UnitQty>מיליליטרים</UnitQty>
      <Quantity>500.00</Quantity>
      <bIsWeighted>0</bIsWeighted>
      <UnitOfMeasure>100 מ"ל</UnitOfMeasure>
      <QtyInPackage>1</QtyInPackage>
      <ItemPrice>34.90</ItemPrice>
      <UnitOfMeasurePrice>6.98</UnitOfMeasurePrice>
      <AllowDiscount>1</AllowDiscount>
      <ItemStatus>1</ItemStatus>
    </Item>
    <Item>
      <PriceUpdateDate>2020-01-20 00:14</PriceUpdateDate>
      <ItemCode>7290017695280</ItemCode>
      <ItemType>1</ItemType>
      <ItemName>מרכך שיער ויטמינס</ItemName>
      <ManufacturerName>מיסטר בונד</ManufacturerName>
      <ManufactureCountry>IL</ManufactureCountry>
      <ManufacturerItemDescription>מרכך שיער ויטמינ</ManufacturerItemDescription>
      <UnitQty>ליטרים</UnitQty>
      <Quantity>1.00</Quantity>
      <bIsWeighted>0</bIsWeighted>
      <UnitOfMeasure>ליטר</UnitOfMeasure>
      <QtyInPackage>1</QtyInPackage>
      <ItemPrice>39.90</ItemPrice>
      <UnitOfMeasurePrice>39.90</UnitOfMeasurePrice>
      <AllowDiscount>1</AllowDiscount>
      <ItemStatus>1</ItemStatus>
    </Item>
    <Item>
      <PriceUpdateDate>2020-07-31 05:41</PriceUpdateDate>
      <ItemCode>7290017695679</ItemCode>
      <ItemType>1</ItemType>
      <ItemName>מסכת סילבר 500 מל</ItemName>
      <ManufacturerName>מיסטר בונד</ManufacturerName>
      <ManufactureCountry>IL</ManufactureCountry>
      <ManufacturerItemDescription>מסכת סילבר 500 מ</ManufacturerItemDescription>
      <UnitQty>מיליליטרים</UnitQty>
      <Quantity>500.00</Quantity>
      <bIsWeighted>0</bIsWeighted>
      <UnitOfMeasure>100 מ"ל</UnitOfMeasure>
      <QtyInPackage>1</QtyInPackage>
      <ItemPrice>49.90</ItemPrice>
      <UnitOfMeasurePrice>9.98</UnitOfMeasurePrice>
      <AllowDiscount>1</AllowDiscount>
      <ItemStatus>1</ItemStatus>
    </Item>
    <Item>
      <PriceUpdateDate>2020-07-31 05:41</PriceUpdateDate>
      <ItemCode>7290017695693</ItemCode>
      <ItemType>1</ItemType>
      <ItemName>שמפו סילבר 500 מל</ItemName>
      <ManufacturerName>מיסטר בונד</ManufacturerName>
      <ManufactureCountry>IL</ManufactureCountry>
      <ManufacturerItemDescription>שמפו סילבר 500 מ</ManufacturerItemDescription>
      <UnitQty>מיליליטרים</UnitQty>
      <Quantity>500.00</Quantity>
      <bIsWeighted>0</bIsWeighted>
      <UnitOfMeasure>100 מ"ל</UnitOfMeasure>
      <QtyInPackage>1</QtyInPackage>
      <ItemPrice>49.90</ItemPrice>
      <UnitOfMeasurePrice>9.98</UnitOfMeasurePrice>
      <AllowDiscount>1</AllowDiscount>
      <ItemStatus>1</ItemStatus>
    </Item>
    <Item>
      <PriceUpdateDate>2020-07-03 05:42</PriceUpdateDate>
      <ItemCode>7290017700298</ItemCode>
      <ItemType>1</ItemType>
      <ItemName>מסכת פנים בד פרוזן  יחיד</ItemName>
      <ManufacturerName>פארמה דיל</ManufacturerName>
      <ManufactureCountry>IL</ManufactureCountry>
      <ManufacturerItemDescription>מסכת פנים בד פרו</ManufacturerItemDescription>
      <UnitQty>יחידה</UnitQty>
      <Quantity>1.00</Quantity>
      <bIsWeighted>0</bIsWeighted>
      <UnitOfMeasure>יחידה</UnitOfMeasure>
      <QtyInPackage>1</QtyInPackage>
      <ItemPrice>14.90</ItemPrice>
      <UnitOfMeasurePrice>14.90</UnitOfMeasurePrice>
      <AllowDiscount>1</AllowDiscount>
      <ItemStatus>1</ItemStatus>
    </Item>
    <Item>
      <PriceUpdateDate>2020-02-21 05:40</PriceUpdateDate>
      <ItemCode>7290017871387</ItemCode>
      <ItemType>1</ItemType>
      <ItemName>סבון ידיים פמלי יהלום500</ItemName>
      <ManufacturerName>טאהא קימיה</ManufacturerName>
      <ManufactureCountry>TR</ManufactureCountry>
      <ManufacturerItemDescription>סבון ידיים פמלי</ManufacturerItemDescription>
      <UnitQty>מיליליטרים</UnitQty>
      <Quantity>500.00</Quantity>
      <bIsWeighted>0</bIsWeighted>
      <UnitOfMeasure>100 מ"ל</UnitOfMeasure>
      <QtyInPackage>1</QtyInPackage>
      <ItemPrice>11.90</ItemPrice>
      <UnitOfMeasurePrice>2.38</UnitOfMeasurePrice>
      <AllowDiscount>1</AllowDiscount>
      <ItemStatus>1</ItemStatus>
    </Item>
    <Item>
      <PriceUpdateDate>2020-10-10 21:00</PriceUpdateDate>
      <ItemCode>7290017872001</ItemCode>
      <ItemType>1</ItemType>
      <ItemName>פרש וואנס קרם החתלה 100מ</ItemName>
      <ManufacturerName>---</ManufacturerName>
      <ManufactureCountry>IL</ManufactureCountry>
      <ManufacturerItemDescription>פרש וואנס קרם הח</ManufacturerItemDescription>
      <UnitQty>מיליליטרים</UnitQty>
      <Quantity>100.00</Quantity>
      <bIsWeighted>0</bIsWeighted>
      <UnitOfMeasure>100 מ"ל</UnitOfMeasure>
      <QtyInPackage>1</QtyInPackage>
      <ItemPrice>9.90</ItemPrice>
      <UnitOfMeasurePrice>9.90</UnitOfMeasurePrice>
      <AllowDiscount>1</AllowDiscount>
      <ItemStatus>1</ItemStatus>
    </Item>
    <Item>
      <PriceUpdateDate>2020-01-20 00:14</PriceUpdateDate>
      <ItemCode>7290017917184</ItemCode>
      <ItemType>1</ItemType>
      <ItemName>ג'ל אלוורה פורטה 200 מ"ל</ItemName>
      <ManufacturerName>CHEMIPAL  FISHER (BIO</ManufacturerName>
      <ManufactureCountry>IL</ManufactureCountry>
      <ManufacturerItemDescription>ג'ל אלוורה פורטה</ManufacturerItemDescription>
      <UnitQty>מיליליטרים</UnitQty>
      <Quantity>200.00</Quantity>
      <bIsWeighted>0</bIsWeighted>
      <UnitOfMeasure>100 מ"ל</UnitOfMeasure>
      <QtyInPackage>1</QtyInPackage>
      <ItemPrice>39.90</ItemPrice>
      <UnitOfMeasurePrice>19.95</UnitOfMeasurePrice>
      <AllowDiscount>1</AllowDiscount>
      <ItemStatus>1</ItemStatus>
    </Item>
    <Item>
      <PriceUpdateDate>2020-10-10 20:20</PriceUpdateDate>
      <ItemCode>7290017917399</ItemCode>
      <ItemType>1</ItemType>
      <ItemName>מגבוני תפרחת קמיל בלו</ItemName>
      <ManufacturerName>---</ManufacturerName>
      <ManufactureCountry>IL</ManufactureCountry>
      <ManufacturerItemDescription>מגבונים לתפרחת</ManufacturerItemDescription>
      <UnitQty>יחידה</UnitQty>
      <Quantity>1.00</Quantity>
      <bIsWeighted>0</bIsWeighted>
      <UnitOfMeasure>יחידה</UnitOfMeasure>
      <QtyInPackage>1</QtyInPackage>
      <ItemPrice>12.90</ItemPrice>
      <UnitOfMeasurePrice>12.90</UnitOfMeasurePrice>
      <AllowDiscount>1</AllowDiscount>
      <ItemStatus>1</ItemStatus>
    </Item>
    <Item>
      <PriceUpdateDate>2020-10-10 20:20</PriceUpdateDate>
      <ItemCode>7290017917450</ItemCode>
      <ItemType>1</ItemType>
      <ItemName>אל סבון ושמפו לקמיל בלו</ItemName>
      <ManufacturerName>CHEMIPAL  FISHER (BIO</ManufacturerName>
      <ManufactureCountry>IL</ManufactureCountry>
      <ManufacturerItemDescription>אל סבון ושמפו</ManufacturerItemDescription>
      <UnitQty>ליטרים</UnitQty>
      <Quantity>1.00</Quantity>
      <bIsWeighted>0</bIsWeighted>
      <UnitOfMeasure>ליטר</UnitOfMeasure>
      <QtyInPackage>1</QtyInPackage>
      <ItemPrice>24.90</ItemPrice>
      <UnitOfMeasurePrice>24.90</UnitOfMeasurePrice>
      <AllowDiscount>1</AllowDiscount>
      <ItemStatus>1</ItemStatus>
    </Item>
    <Item>
      <PriceUpdateDate>2020-10-10 20:20</PriceUpdateDate>
      <ItemCode>7290017917467</ItemCode>
      <ItemType>1</ItemType>
      <ItemName>אל סבון שיבולת שועל</ItemName>
      <ManufacturerName>CHEMIPAL  FISHER (BIO</ManufacturerName>
      <ManufactureCountry>IL</ManufactureCountry>
      <ManufacturerItemDescription>אל סבון ש.שועל</ManufacturerItemDescription>
      <UnitQty>ליטרים</UnitQty>
      <Quantity>1.00</Quantity>
      <bIsWeighted>0</bIsWeighted>
      <UnitOfMeasure>ליטר</UnitOfMeasure>
      <QtyInPackage>1</QtyInPackage>
      <ItemPrice>24.90</ItemPrice>
      <UnitOfMeasurePrice>24.90</UnitOfMeasurePrice>
      <AllowDiscount>1</AllowDiscount>
      <ItemStatus>1</ItemStatus>
    </Item>
    <Item>
      <PriceUpdateDate>2020-10-10 20:20</PriceUpdateDate>
      <ItemCode>7290017917542</ItemCode>
      <ItemType>1</ItemType>
      <ItemName>שמפו ללא מלחים 400 מ"ל</ItemName>
      <ManufacturerName>פישר</ManufacturerName>
      <ManufactureCountry>IL</ManufactureCountry>
      <ManufacturerItemDescription>שמפו ללא מלחים</ManufacturerItemDescription>
      <UnitQty>מיליליטרים</UnitQty>
      <Quantity>400.00</Quantity>
      <bIsWeighted>0</bIsWeighted>
      <UnitOfMeasure>100 מ"ל</UnitOfMeasure>
      <QtyInPackage>1</QtyInPackage>
      <ItemPrice>29.90</ItemPrice>
      <UnitOfMeasurePrice>7.48</UnitOfMeasurePrice>
      <AllowDiscount>1</AllowDiscount>
      <ItemStatus>1</ItemStatus>
    </Item>
    <Item>
      <PriceUpdateDate>2020-10-10 20:20</PriceUpdateDate>
      <ItemCode>7290017917559</ItemCode>
      <ItemType>1</ItemType>
      <ItemName>מסכת הזנה לשיער בלונד300</ItemName>
      <ManufacturerName>CHEMIPAL  FISHER (BIO</ManufacturerName>
      <ManufactureCountry>IL</ManufactureCountry>
      <ManufacturerItemDescription>מסכה לשיער</ManufacturerItemDescription>
      <UnitQty>מיליליטרים</UnitQty>
      <Quantity>300.00</Quantity>
      <bIsWeighted>0</bIsWeighted>
      <UnitOfMeasure>100 מ"ל</UnitOfMeasure>
      <QtyInPackage>1</QtyInPackage>
      <ItemPrice>29.90</ItemPrice>
      <UnitOfMeasurePrice>9.97</UnitOfMeasurePrice>
      <AllowDiscount>1</AllowDiscount>
      <ItemStatus>1</ItemStatus>
    </Item>
    <Item>
      <PriceUpdateDate>2020-04-19 16:05</PriceUpdateDate>
      <ItemCode>7290018051887</ItemCode>
      <ItemType>1</ItemType>
      <ItemName>מסכת בד רב פעמית לפנים</ItemName>
      <ManufacturerName>כללי</ManufacturerName>
      <ManufactureCountry>IL</ManufactureCountry>
      <ManufacturerItemDescription>מסכת בד רב פעמית</ManufacturerItemDescription>
      <UnitQty>יחידה</UnitQty>
      <Quantity>1.00</Quantity>
      <bIsWeighted>0</bIsWeighted>
      <UnitOfMeasure>יחידה</UnitOfMeasure>
      <QtyInPackage>1</QtyInPackage>
      <ItemPrice>16.90</ItemPrice>
      <UnitOfMeasurePrice>16.90</UnitOfMeasurePrice>
      <AllowDiscount>1</AllowDiscount>
      <ItemStatus>1</ItemStatus>
    </Item>
    <Item>
      <PriceUpdateDate>2020-10-10 21:30</PriceUpdateDate>
      <ItemCode>7290018080313</ItemCode>
      <ItemType>1</ItemType>
      <ItemName>מגבונים לחיטוי ידיים60יח</ItemName>
      <ManufacturerName>---</ManufacturerName>
      <ManufactureCountry>IL</ManufactureCountry>
      <ManufacturerItemDescription>מגבונים לחיטוי</ManufacturerItemDescription>
      <UnitQty>יחידה</UnitQty>
      <Quantity>1.00</Quantity>
      <bIsWeighted>0</bIsWeighted>
      <UnitOfMeasure>יחידה</UnitOfMeasure>
      <QtyInPackage>1</QtyInPackage>
      <ItemPrice>20.90</ItemPrice>
      <UnitOfMeasurePrice>20.90</UnitOfMeasurePrice>
      <AllowDiscount>1</AllowDiscount>
      <ItemStatus>1</ItemStatus>
    </Item>
    <Item>
      <PriceUpdateDate>2020-05-22 05:40</PriceUpdateDate>
      <ItemCode>7290018156780</ItemCode>
      <ItemType>1</ItemType>
      <ItemName>אלכו קרם היגיינת ידיים75</ItemName>
      <ManufacturerName>---</ManufacturerName>
      <ManufactureCountry>IL</ManufactureCountry>
      <ManufacturerItemDescription>אלכו קרם ג'ל</ManufacturerItemDescription>
      <UnitQty>מיליליטרים</UnitQty>
      <Quantity>75.00</Quantity>
      <bIsWeighted>0</bIsWeighted>
      <UnitOfMeasure>100 מ"ל</UnitOfMeasure>
      <QtyInPackage>1</QtyInPackage>
      <ItemPrice>21.90</ItemPrice>
      <UnitOfMeasurePrice>29.20</UnitOfMeasurePrice>
      <AllowDiscount>1</AllowDiscount>
      <ItemStatus>1</ItemStatus>
    </Item>
    <Item>
      <PriceUpdateDate>2020-10-11 17:20</PriceUpdateDate>
      <ItemCode>7290018182079</ItemCode>
      <ItemType>1</ItemType>
      <ItemName>מסכה PP2 M3 יחידה</ItemName>
      <ManufacturerName>כללי</ManufacturerName>
      <ManufactureCountry>IL</ManufactureCountry>
      <ManufacturerItemDescription>מסכה PP2 M3</ManufacturerItemDescription>
      <UnitQty>יחידה</UnitQty>
      <Quantity>1.00</Quantity>
      <bIsWeighted>0</bIsWeighted>
      <UnitOfMeasure>יחידה</UnitOfMeasure>
      <QtyInPackage>1</QtyInPackage>
      <ItemPrice>14.90</ItemPrice>
      <UnitOfMeasurePrice>14.90</UnitOfMeasurePrice>
      <AllowDiscount>1</AllowDiscount>
      <ItemStatus>1</ItemStatus>
    </Item>
    <Item>
      <PriceUpdateDate>2020-10-14 17:50</PriceUpdateDate>
      <ItemCode>7290018182123</ItemCode>
      <ItemType>1</ItemType>
      <ItemName>מסכה  KN95 יחידה</ItemName>
      <ManufacturerName>כללי</ManufacturerName>
      <ManufactureCountry>IL</ManufactureCountry>
      <ManufacturerItemDescription>מסכה  KN 95</ManufacturerItemDescription>
      <UnitQty>יחידה</UnitQty>
      <Quantity>1.00</Quantity>
      <bIsWeighted>0</bIsWeighted>
      <UnitOfMeasure>יחידה</UnitOfMeasure>
      <QtyInPackage>1</QtyInPackage>
      <ItemPrice>7.90</ItemPrice>
      <UnitOfMeasurePrice>7.90</UnitOfMeasurePrice>
      <AllowDiscount>1</AllowDiscount>
      <ItemStatus>1</ItemStatus>
    </Item>
    <Item>
      <PriceUpdateDate>2020-10-11 17:20</PriceUpdateDate>
      <ItemCode>7290018182154</ItemCode>
      <ItemType>1</ItemType>
      <ItemName>מסכת בד רב פעמית שחור</ItemName>
      <ManufacturerName>פארמה דיל</ManufacturerName>
      <ManufactureCountry>IL</ManufactureCountry>
      <ManufacturerItemDescription>מסכת בד רב פעמית</ManufacturerItemDescription>
      <UnitQty>יחידה</UnitQty>
      <Quantity>1.00</Quantity>
      <bIsWeighted>0</bIsWeighted>
      <UnitOfMeasure>יחידה</UnitOfMeasure>
      <QtyInPackage>1</QtyInPackage>
      <ItemPrice>12.90</ItemPrice>
      <UnitOfMeasurePrice>12.90</UnitOfMeasurePrice>
      <AllowDiscount>1</AllowDiscount>
      <ItemStatus>1</ItemStatus>
    </Item>
    <Item>
      <PriceUpdateDate>2020-10-14 17:50</PriceUpdateDate>
      <ItemCode>7290018182185</ItemCode>
      <ItemType>1</ItemType>
      <ItemName>מסכה KN95 יחידה</ItemName>
      <ManufacturerName>כללי</ManufacturerName>
      <ManufactureCountry>IL</ManufactureCountry>
      <ManufacturerItemDescription>מסכה KN95</ManufacturerItemDescription>
      <UnitQty>יחידה</UnitQty>
      <Quantity>1.00</Quantity>
      <bIsWeighted>0</bIsWeighted>
      <UnitOfMeasure>יחידה</UnitOfMeasure>
      <QtyInPackage>1</QtyInPackage>
      <ItemPrice>7.90</ItemPrice>
      <UnitOfMeasurePrice>7.90</UnitOfMeasurePrice>
      <AllowDiscount>1</AllowDiscount>
      <ItemStatus>1</ItemStatus>
    </Item>
    <Item>
      <PriceUpdateDate>2020-10-11 17:20</PriceUpdateDate>
      <ItemCode>7290018182246</ItemCode>
      <ItemType>1</ItemType>
      <ItemName>מסכה תלת שכבתית ורוד50מ</ItemName>
      <ManufacturerName>פארמה דיל</ManufacturerName>
      <ManufactureCountry>IL</ManufactureCountry>
      <ManufacturerItemDescription>מסכה תלת שכבתית</ManufacturerItemDescription>
      <UnitQty>מיליליטרים</UnitQty>
      <Quantity>50.00</Quantity>
      <bIsWeighted>0</bIsWeighted>
      <UnitOfMeasure>100 מ"ל</UnitOfMeasure>
      <QtyInPackage>1</QtyInPackage>
      <ItemPrice>19.90</ItemPrice>
      <UnitOfMeasurePrice>39.80</UnitOfMeasurePrice>
      <AllowDiscount>1</AllowDiscount>
      <ItemStatus>1</ItemStatus>
    </Item>
    <Item>
      <PriceUpdateDate>2020-10-11 17:20</PriceUpdateDate>
      <ItemCode>7290018182253</ItemCode>
      <ItemType>1</ItemType>
      <ItemName>מסכה תלת שכבתית כחול50מל</ItemName>
      <ManufacturerName>פארמה דיל</ManufacturerName>
      <ManufactureCountry>IL</ManufactureCountry>
      <ManufacturerItemDescription>מסכה תלת שכבתית</ManufacturerItemDescription>
      <UnitQty>מיליליטרים</UnitQty>
      <Quantity>50.00</Quantity>
      <bIsWeighted>0</bIsWeighted>
      <UnitOfMeasure>100 מ"ל</UnitOfMeasure>
      <QtyInPackage>1</QtyInPackage>
      <ItemPrice>19.90</ItemPrice>
      <UnitOfMeasurePrice>39.80</UnitOfMeasurePrice>
      <AllowDiscount>1</AllowDiscount>
      <ItemStatus>1</ItemStatus>
    </Item>
    <Item>
      <PriceUpdateDate>2020-07-10 05:56</PriceUpdateDate>
      <ItemCode>7290018183847</ItemCode>
      <ItemType>1</ItemType>
      <ItemName>מארז מתכת ציפורים יח'</ItemName>
      <ManufacturerName>כללי</ManufacturerName>
      <ManufactureCountry>IL</ManufactureCountry>
      <ManufacturerItemDescription>מארז מתכת ציפורי</ManufacturerItemDescription>
      <UnitQty>יחידה</UnitQty>
      <Quantity>1.00</Quantity>
      <bIsWeighted>0</bIsWeighted>
      <UnitOfMeasure>יחידה</UnitOfMeasure>
      <QtyInPackage>1</QtyInPackage>
      <ItemPrice>49.90</ItemPrice>
      <UnitOfMeasurePrice>49.90</UnitOfMeasurePrice>
      <AllowDiscount>1</AllowDiscount>
      <ItemStatus>1</ItemStatus>
    </Item>
    <Item>
      <PriceUpdateDate>2020-10-11 23:00</PriceUpdateDate>
      <ItemCode>7290018228852</ItemCode>
      <ItemType>1</ItemType>
      <ItemName>מטליות להסרת איפור יח</ItemName>
      <ManufacturerName>כללי</ManufacturerName>
      <ManufactureCountry>IL</ManufactureCountry>
      <ManufacturerItemDescription>מטליות להסרת איפ</ManufacturerItemDescription>
      <UnitQty>יחידה</UnitQty>
      <Quantity>1.00</Quantity>
      <bIsWeighted>0</bIsWeighted>
      <UnitOfMeasure>יחידה</UnitOfMeasure>
      <QtyInPackage>1</QtyInPackage>
      <ItemPrice>14.90</ItemPrice>
      <UnitOfMeasurePrice>14.90</UnitOfMeasurePrice>
      <AllowDiscount>1</AllowDiscount>
      <ItemStatus>1</ItemStatus>
    </Item>
    <Item>
      <PriceUpdateDate>2020-04-02 11:39</PriceUpdateDate>
      <ItemCode>7290018343487</ItemCode>
      <ItemType>1</ItemType>
      <ItemName>אלכו ג'ל  בשפורפרת H 75מ</ItemName>
      <ManufacturerName>---</ManufacturerName>
      <ManufactureCountry>IL</ManufactureCountry>
      <ManufacturerItemDescription>אלכו ג'ל H 75מ"ל</ManufacturerItemDescription>
      <UnitQty>מיליליטרים</UnitQty>
      <Quantity>75.00</Quantity>
      <bIsWeighted>0</bIsWeighted>
      <UnitOfMeasure>100 מ"ל</UnitOfMeasure>
      <QtyInPackage>1</QtyInPackage>
      <ItemPrice>9.90</ItemPrice>
      <UnitOfMeasurePrice>13.20</UnitOfMeasurePrice>
      <AllowDiscount>1</AllowDiscount>
      <ItemStatus>1</ItemStatus>
    </Item>
    <Item>
      <PriceUpdateDate>2020-10-10 21:00</PriceUpdateDate>
      <ItemCode>7290100243671</ItemCode>
      <ItemType>1</ItemType>
      <ItemName>בדין אקסטרה כחול 960 מ"ל</ItemName>
      <ManufacturerName>יוניליוור</ManufacturerName>
      <ManufactureCountry>TR</ManufactureCountry>
      <ManufacturerItemDescription>מרכך כביסה בדין</ManufacturerItemDescription>
      <UnitQty>מיליליטרים</UnitQty>
      <Quantity>960.00</Quantity>
      <bIsWeighted>0</bIsWeighted>
      <UnitOfMeasure>100 מ"ל</UnitOfMeasure>
      <QtyInPackage>0</QtyInPackage>
      <ItemPrice>14.90</ItemPrice>
      <UnitOfMeasurePrice>1.55</UnitOfMeasurePrice>
      <AllowDiscount>1</AllowDiscount>
      <ItemStatus>1</ItemStatus>
    </Item>
    <Item>
      <PriceUpdateDate>2020-10-10 21:00</PriceUpdateDate>
      <ItemCode>7290100243688</ItemCode>
      <ItemType>1</ItemType>
      <ItemName>בדין אקסטרה ורוד 960 מ"ל</ItemName>
      <ManufacturerName>יוניליוור</ManufacturerName>
      <ManufactureCountry>TR</ManufactureCountry>
      <ManufacturerItemDescription>מרכך כביסה בדין</ManufacturerItemDescription>
      <UnitQty>מיליליטרים</UnitQty>
      <Quantity>960.00</Quantity>
      <bIsWeighted>0</bIsWeighted>
      <UnitOfMeasure>100 מ"ל</UnitOfMeasure>
      <QtyInPackage>0</QtyInPackage>
      <ItemPrice>14.90</ItemPrice>
      <UnitOfMeasurePrice>1.55</UnitOfMeasurePrice>
      <AllowDiscount>1</AllowDiscount>
      <ItemStatus>1</ItemStatus>
    </Item>
    <Item>
      <PriceUpdateDate>2020-02-21 08:25</PriceUpdateDate>
      <ItemCode>7290100270509</ItemCode>
      <ItemType>1</ItemType>
      <ItemName>עפרון גבות היי פרסיז'ן01</ItemName>
      <ManufacturerName>גייד</ManufacturerName>
      <ManufactureCountry>IL</ManufactureCountry>
      <ManufacturerItemDescription>עפרון גבות היי פ</ManufacturerItemDescription>
      <UnitQty>יחידה</UnitQty>
      <Quantity>1.00</Quantity>
      <bIsWeighted>0</bIsWeighted>
      <UnitOfMeasure>יחידה</UnitOfMeasure>
      <QtyInPackage>0</QtyInPackage>
      <ItemPrice>29.90</ItemPrice>
      <UnitOfMeasurePrice>29.90</UnitOfMeasurePrice>
      <AllowDiscount>1</AllowDiscount>
      <ItemStatus>1</ItemStatus>
    </Item>
    <Item>
      <PriceUpdateDate>2020-02-21 08:25</PriceUpdateDate>
      <ItemCode>7290100270516</ItemCode>
      <ItemType>1</ItemType>
      <ItemName>עפרון גבות היי פרסיז'ן02</ItemName>
      <ManufacturerName>גייד</ManufacturerName>
      <ManufactureCountry>IL</ManufactureCountry>
      <ManufacturerItemDescription>עפרון גבות היי פ</ManufacturerItemDescription>
      <UnitQty>יחידה</UnitQty>
      <Quantity>1.00</Quantity>
      <bIsWeighted>0</bIsWeighted>
      <UnitOfMeasure>יחידה</UnitOfMeasure>
      <QtyInPackage>0</QtyInPackage>
      <ItemPrice>29.90</ItemPrice>
      <UnitOfMeasurePrice>29.90</UnitOfMeasurePrice>
      <AllowDiscount>1</AllowDiscount>
      <ItemStatus>1</ItemStatus>
    </Item>
    <Item>
      <PriceUpdateDate>2020-02-21 08:25</PriceUpdateDate>
      <ItemCode>7290100273500</ItemCode>
      <ItemType>1</ItemType>
      <ItemName>INTENSE איילנר שחור</ItemName>
      <ManufacturerName>גייד</ManufacturerName>
      <ManufactureCountry>IL</ManufactureCountry>
      <ManufacturerItemDescription>INTENSE איילנר</ManufacturerItemDescription>
      <UnitQty>יחידה</UnitQty>
      <Quantity>1.00</Quantity>
      <bIsWeighted>0</bIsWeighted>
      <UnitOfMeasure>יחידה</UnitOfMeasure>
      <QtyInPackage>0</QtyInPackage>
      <ItemPrice>69.90</ItemPrice>
      <UnitOfMeasurePrice>69.90</UnitOfMeasurePrice>
      <AllowDiscount>1</AllowDiscount>
      <ItemStatus>1</ItemStatus>
    </Item>
    <Item>
      <PriceUpdateDate>2020-08-28 05:42</PriceUpdateDate>
      <ItemCode>7290100365960</ItemCode>
      <ItemType>1</ItemType>
      <ItemName>ג'ל ניקוי 100 מ"ל</ItemName>
      <ManufacturerName>כללי</ManufacturerName>
      <ManufactureCountry>IL</ManufactureCountry>
      <ManufacturerItemDescription>ג'ל ניקוי</ManufacturerItemDescription>
      <UnitQty>מיליליטרים</UnitQty>
      <Quantity>100.00</Quantity>
      <bIsWeighted>0</bIsWeighted>
      <UnitOfMeasure>100 מ"ל</UnitOfMeasure>
      <QtyInPackage>1</QtyInPackage>
      <ItemPrice>130.00</ItemPrice>
      <UnitOfMeasurePrice>130.00</UnitOfMeasurePrice>
      <AllowDiscount>1</AllowDiscount>
      <ItemStatus>1</ItemStatus>
    </Item>
    <Item>
      <PriceUpdateDate>2020-08-28 05:42</PriceUpdateDate>
      <ItemCode>7290100365977</ItemCode>
      <ItemType>1</ItemType>
      <ItemName>פילינג לחידוש העור 150 מ</ItemName>
      <ManufacturerName>כללי</ManufacturerName>
      <ManufactureCountry>IL</ManufactureCountry>
      <ManufacturerItemDescription>פילינג לחידוש הע</ManufacturerItemDescription>
      <UnitQty>מיליליטרים</UnitQty>
      <Quantity>150.00</Quantity>
      <bIsWeighted>0</bIsWeighted>
      <UnitOfMeasure>100 מ"ל</UnitOfMeasure>
      <QtyInPackage>1</QtyInPackage>
      <ItemPrice>180.00</ItemPrice>
      <UnitOfMeasurePrice>120.00</UnitOfMeasurePrice>
      <AllowDiscount>1</AllowDiscount>
      <ItemStatus>1</ItemStatus>
    </Item>
    <Item>
      <PriceUpdateDate>2020-01-31 05:46</PriceUpdateDate>
      <ItemCode>7290100412251</ItemCode>
      <ItemType>1</ItemType>
      <ItemName>CLEAN  SKIN ALPHA</ItemName>
      <ManufacturerName>כללי</ManufacturerName>
      <ManufactureCountry />
      <ManufacturerItemDescription>CLEA  SKIN ALPHA</ManufacturerItemDescription>
      <UnitQty>יחידה</UnitQty>
      <Quantity>1.00</Quantity>
      <bIsWeighted>0</bIsWeighted>
      <UnitOfMeasure>יחידה</UnitOfMeasure>
      <QtyInPackage>0</QtyInPackage>
      <ItemPrice>9.90</ItemPrice>
      <UnitOfMeasurePrice>9.90</UnitOfMeasurePrice>
      <AllowDiscount>1</AllowDiscount>
      <ItemStatus>1</ItemStatus>
    </Item>
    <Item>
      <PriceUpdateDate>2020-10-10 21:00</PriceUpdateDate>
      <ItemCode>7290100412756</ItemCode>
      <ItemType>1</ItemType>
      <ItemName>קרם ידיים עור יבש 100מ"ל</ItemName>
      <ManufacturerName>אמיליה</ManufacturerName>
      <ManufactureCountry>IL</ManufactureCountry>
      <ManufacturerItemDescription>קרם ידיים</ManufacturerItemDescription>
      <UnitQty>מיליליטרים</UnitQty>
      <Quantity>100.00</Quantity>
      <bIsWeighted>0</bIsWeighted>
      <UnitOfMeasure>100 מ"ל</UnitOfMeasure>
      <QtyInPackage>1</QtyInPackage>
      <ItemPrice>10.00</ItemPrice>
      <UnitOfMeasurePrice>10.00</UnitOfMeasurePrice>
      <AllowDiscount>1</AllowDiscount>
      <ItemStatus>1</ItemStatus>
    </Item>
    <Item>
      <PriceUpdateDate>2020-10-10 21:00</PriceUpdateDate>
      <ItemCode>7290100412770</ItemCode>
      <ItemType>1</ItemType>
      <ItemName>תחליב רחצה מאסק 700 מ"ל</ItemName>
      <ManufacturerName>אמיליה</ManufacturerName>
      <ManufactureCountry>IL</ManufactureCountry>
      <ManufacturerItemDescription>תחליב רחצה</ManufacturerItemDescription>
      <UnitQty>מיליליטרים</UnitQty>
      <Quantity>700.00</Quantity>
      <bIsWeighted>0</bIsWeighted>
      <UnitOfMeasure>100 מ"ל</UnitOfMeasure>
      <QtyInPackage>1</QtyInPackage>
      <ItemPrice>10.00</ItemPrice>
      <UnitOfMeasurePrice>1.43</UnitOfMeasurePrice>
      <AllowDiscount>1</AllowDiscount>
      <ItemStatus>1</ItemStatus>
    </Item>
    <Item>
      <PriceUpdateDate>2020-10-10 21:00</PriceUpdateDate>
      <ItemCode>7290100412787</ItemCode>
      <ItemType>1</ItemType>
      <ItemName>תחליב רחצה קלאסי 700 מ"ל</ItemName>
      <ManufacturerName>אמיליה</ManufacturerName>
      <ManufactureCountry>IL</ManufactureCountry>
      <ManufacturerItemDescription>תחליב רחצה</ManufacturerItemDescription>
      <UnitQty>מיליליטרים</UnitQty>
      <Quantity>700.00</Quantity>
      <bIsWeighted>0</bIsWeighted>
      <UnitOfMeasure>100 מ"ל</UnitOfMeasure>
      <QtyInPackage>1</QtyInPackage>
      <ItemPrice>10.00</ItemPrice>
      <UnitOfMeasurePrice>1.43</UnitOfMeasurePrice>
      <AllowDiscount>1</AllowDiscount>
      <ItemStatus>1</ItemStatus>
    </Item>
    <Item>
      <PriceUpdateDate>2020-10-10 21:00</PriceUpdateDate>
      <ItemCode>7290100412794</ItemCode>
      <ItemType>1</ItemType>
      <ItemName>פילינג פנים מאס 150 מ"ל</ItemName>
      <ManufacturerName>אמיליה</ManufacturerName>
      <ManufactureCountry>IL</ManufactureCountry>
      <ManufacturerItemDescription>פילינג פנים</ManufacturerItemDescription>
      <UnitQty>מיליליטרים</UnitQty>
      <Quantity>150.00</Quantity>
      <bIsWeighted>0</bIsWeighted>
      <UnitOfMeasure>100 מ"ל</UnitOfMeasure>
      <QtyInPackage>0</QtyInPackage>
      <ItemPrice>20.00</ItemPrice>
      <UnitOfMeasurePrice>13.33</UnitOfMeasurePrice>
      <AllowDiscount>1</AllowDiscount>
      <ItemStatus>1</ItemStatus>
    </Item>
    <Item>
      <PriceUpdateDate>2020-10-10 21:00</PriceUpdateDate>
      <ItemCode>7290100412817</ItemCode>
      <ItemType>1</ItemType>
      <ItemName>קרם רגליים עור יבש 100מל</ItemName>
      <ManufacturerName>אמיליה</ManufacturerName>
      <ManufactureCountry>IL</ManufactureCountry>
      <ManufacturerItemDescription>קרם רגליים</ManufacturerItemDescription>
      <UnitQty>מיליליטרים</UnitQty>
      <Quantity>100.00</Quantity>
      <bIsWeighted>0</bIsWeighted>
      <UnitOfMeasure>100 מ"ל</UnitOfMeasure>
      <QtyInPackage>1</QtyInPackage>
      <ItemPrice>10.00</ItemPrice>
      <UnitOfMeasurePrice>10.00</UnitOfMeasurePrice>
      <AllowDiscount>1</AllowDiscount>
      <ItemStatus>1</ItemStatus>
    </Item>
    <Item>
      <PriceUpdateDate>2020-10-10 21:00</PriceUpdateDate>
      <ItemCode>7290100412831</ItemCode>
      <ItemType>1</ItemType>
      <ItemName>תחליב רח.אנטיאיג'נג700</ItemName>
      <ManufacturerName>אמיליה</ManufacturerName>
      <ManufactureCountry>IL</ManufactureCountry>
      <ManufacturerItemDescription>תחליב רחצה</ManufacturerItemDescription>
      <UnitQty>מיליליטרים</UnitQty>
      <Quantity>700.00</Quantity>
      <bIsWeighted>0</bIsWeighted>
      <UnitOfMeasure>100 מ"ל</UnitOfMeasure>
      <QtyInPackage>1</QtyInPackage>
      <ItemPrice>10.00</ItemPrice>
      <UnitOfMeasurePrice>1.43</UnitOfMeasurePrice>
      <AllowDiscount>1</AllowDiscount>
      <ItemStatus>1</ItemStatus>
    </Item>
    <Item>
      <PriceUpdateDate>2020-01-20 00:14</PriceUpdateDate>
      <ItemCode>7290100829622</ItemCode>
      <ItemType>1</ItemType>
      <ItemName>בסט מסיר לק+ פרוטאין295מ</ItemName>
      <ManufacturerName>חורי-קוסמטיקה</ManufacturerName>
      <ManufactureCountry>CA</ManufactureCountry>
      <ManufacturerItemDescription>בסט מסיר לק</ManufacturerItemDescription>
      <UnitQty>מיליליטרים</UnitQty>
      <Quantity>295.00</Quantity>
      <bIsWeighted>0</bIsWeighted>
      <UnitOfMeasure>100 מ"ל</UnitOfMeasure>
      <QtyInPackage>0</QtyInPackage>
      <ItemPrice>10.90</ItemPrice>
      <UnitOfMeasurePrice>3.69</UnitOfMeasurePrice>
      <AllowDiscount>1</AllowDiscount>
      <ItemStatus>1</ItemStatus>
    </Item>
    <Item>
      <PriceUpdateDate>2020-01-20 00:14</PriceUpdateDate>
      <ItemCode>7290100829639</ItemCode>
      <ItemType>1</ItemType>
      <ItemName>בסט מסיר לק+גליצרין295מל</ItemName>
      <ManufacturerName>חורי-קוסמטיקה</ManufacturerName>
      <ManufactureCountry>CA</ManufactureCountry>
      <ManufacturerItemDescription>בסט מסיר לק</ManufacturerItemDescription>
      <UnitQty>מיליליטרים</UnitQty>
      <Quantity>295.00</Quantity>
      <bIsWeighted>0</bIsWeighted>
      <UnitOfMeasure>100 מ"ל</UnitOfMeasure>
      <QtyInPackage>0</QtyInPackage>
      <ItemPrice>10.90</ItemPrice>
      <UnitOfMeasurePrice>3.69</UnitOfMeasurePrice>
      <AllowDiscount>1</AllowDiscount>
      <ItemStatus>1</ItemStatus>
    </Item>
    <Item>
      <PriceUpdateDate>2020-01-20 00:14</PriceUpdateDate>
      <ItemCode>7290100829646</ItemCode>
      <ItemType>1</ItemType>
      <ItemName>בסט מסיר לק+ויטמין295מ"ל</ItemName>
      <ManufacturerName>חורי-קוסמטיקה</ManufacturerName>
      <ManufactureCountry>CA</ManufactureCountry>
      <ManufacturerItemDescription>מסיר לק</ManufacturerItemDescription>
      <UnitQty>מיליליטרים</UnitQty>
      <Quantity>295.00</Quantity>
      <bIsWeighted>0</bIsWeighted>
      <UnitOfMeasure>100 מ"ל</UnitOfMeasure>
      <QtyInPackage>0</QtyInPackage>
      <ItemPrice>10.90</ItemPrice>
      <UnitOfMeasurePrice>3.69</UnitOfMeasurePrice>
      <AllowDiscount>1</AllowDiscount>
      <ItemStatus>1</ItemStatus>
    </Item>
    <Item>
      <PriceUpdateDate>2020-01-20 00:14</PriceUpdateDate>
      <ItemCode>7290100829653</ItemCode>
      <ItemType>1</ItemType>
      <ItemName>בסט מסיר לק ללא אציטו295</ItemName>
      <ManufacturerName>חורי-קוסמטיקה</ManufacturerName>
      <ManufactureCountry>CA</ManufactureCountry>
      <ManufacturerItemDescription>מסיר לק</ManufacturerItemDescription>
      <UnitQty>מיליליטרים</UnitQty>
      <Quantity>295.00</Quantity>
      <bIsWeighted>0</bIsWeighted>
      <UnitOfMeasure>100 מ"ל</UnitOfMeasure>
      <QtyInPackage>0</QtyInPackage>
      <ItemPrice>10.90</ItemPrice>
      <UnitOfMeasurePrice>3.69</UnitOfMeasurePrice>
      <AllowDiscount>1</AllowDiscount>
      <ItemStatus>1</ItemStatus>
    </Item>
    <Item>
      <PriceUpdateDate>2020-01-20 00:21</PriceUpdateDate>
      <ItemCode>7290100921609</ItemCode>
      <ItemType>1</ItemType>
      <ItemName>סבון אסלה סוד אוקיינוס50</ItemName>
      <ManufacturerName>הנקל סוד בע"\מ</ManufacturerName>
      <ManufactureCountry>RS</ManufactureCountry>
      <ManufacturerItemDescription>סבון אסלה סוד</ManufacturerItemDescription>
      <UnitQty>גרמים</UnitQty>
      <Quantity>50.00</Quantity>
      <bIsWeighted>0</bIsWeighted>
      <UnitOfMeasure>100 גרם</UnitOfMeasure>
      <QtyInPackage>0</QtyInPackage>
      <ItemPrice>8.90</ItemPrice>
      <UnitOfMeasurePrice>17.80</UnitOfMeasurePrice>
      <AllowDiscount>1</AllowDiscount>
      <ItemStatus>1</ItemStatus>
    </Item>
    <Item>
      <PriceUpdateDate>2020-01-20 00:21</PriceUpdateDate>
      <ItemCode>7290100924457</ItemCode>
      <ItemType>1</ItemType>
      <ItemName>סבון אסלה סוד לימון50*3ג</ItemName>
      <ManufacturerName>הנקל</ManufacturerName>
      <ManufactureCountry>RS</ManufactureCountry>
      <ManufacturerItemDescription>סבון אסלה 3 יח</ManufacturerItemDescription>
      <UnitQty>גרמים</UnitQty>
      <Quantity>150.00</Quantity>
      <bIsWeighted>0</bIsWeighted>
      <UnitOfMeasure>100 גרם</UnitOfMeasure>
      <QtyInPackage>1</QtyInPackage>
      <ItemPrice>18.90</ItemPrice>
      <UnitOfMeasurePrice>12.60</UnitOfMeasurePrice>
      <AllowDiscount>1</AllowDiscount>
      <ItemStatus>1</ItemStatus>
    </Item>
    <Item>
      <PriceUpdateDate>2020-01-20 00:21</PriceUpdateDate>
      <ItemCode>7290100924464</ItemCode>
      <ItemType>1</ItemType>
      <ItemName>סבון אסלה אקונומיקה50*3ג</ItemName>
      <ManufacturerName>הנקל</ManufacturerName>
      <ManufactureCountry>HU</ManufactureCountry>
      <ManufacturerItemDescription>סבון אסלה 3 יח</ManufacturerItemDescription>
      <UnitQty>גרמים</UnitQty>
      <Quantity>150.00</Quantity>
      <bIsWeighted>0</bIsWeighted>
      <UnitOfMeasure>100 גרם</UnitOfMeasure>
      <QtyInPackage>1</QtyInPackage>
      <ItemPrice>18.90</ItemPrice>
      <UnitOfMeasurePrice>12.60</UnitOfMeasurePrice>
      <AllowDiscount>1</AllowDiscount>
      <ItemStatus>1</ItemStatus>
    </Item>
    <Item>
      <PriceUpdateDate>2020-02-23 15:00</PriceUpdateDate>
      <ItemCode>7290101270096</ItemCode>
      <ItemType>1</ItemType>
      <ItemName>עפרון עינים הי פרסיז'ן12</ItemName>
      <ManufacturerName>גייד</ManufacturerName>
      <ManufactureCountry>IL</ManufactureCountry>
      <ManufacturerItemDescription>עפרון עינים הי פ</ManufacturerItemDescription>
      <UnitQty>יחידה</UnitQty>
      <Quantity>1.00</Quantity>
      <bIsWeighted>0</bIsWeighted>
      <UnitOfMeasure>יחידה</UnitOfMeasure>
      <QtyInPackage>0</QtyInPackage>
      <ItemPrice>29.90</ItemPrice>
      <UnitOfMeasurePrice>29.90</UnitOfMeasurePrice>
      <AllowDiscount>1</AllowDiscount>
      <ItemStatus>1</ItemStatus>
    </Item>
    <Item>
      <PriceUpdateDate>2020-02-21 08:25</PriceUpdateDate>
      <ItemCode>7290101270218</ItemCode>
      <ItemType>1</ItemType>
      <ItemName>עפרון גבות היי פרסיז'ן03</ItemName>
      <ManufacturerName>גייד</ManufacturerName>
      <ManufactureCountry>IL</ManufactureCountry>
      <ManufacturerItemDescription>עפרון גבות היי פ</ManufacturerItemDescription>
      <UnitQty>יחידה</UnitQty>
      <Quantity>1.00</Quantity>
      <bIsWeighted>0</bIsWeighted>
      <UnitOfMeasure>יחידה</UnitOfMeasure>
      <QtyInPackage>0</QtyInPackage>
      <ItemPrice>29.90</ItemPrice>
      <UnitOfMeasurePrice>29.90</UnitOfMeasurePrice>
      <AllowDiscount>1</AllowDiscount>
      <ItemStatus>1</ItemStatus>
    </Item>
    <Item>
      <PriceUpdateDate>2020-10-10 21:00</PriceUpdateDate>
      <ItemCode>7290101278641</ItemCode>
      <ItemType>1</ItemType>
      <ItemName>PERFUME M-O ICON לאשה</ItemName>
      <ManufacturerName>גייד בישום</ManufacturerName>
      <ManufactureCountry>IL</ManufactureCountry>
      <ManufacturerItemDescription>PERFUME M-O ICON</ManufacturerItemDescription>
      <UnitQty>מיליליטרים</UnitQty>
      <Quantity>30.00</Quantity>
      <bIsWeighted>0</bIsWeighted>
      <UnitOfMeasure>100 מ"ל</UnitOfMeasure>
      <QtyInPackage>0</QtyInPackage>
      <ItemPrice>109.00</ItemPrice>
      <UnitOfMeasurePrice>363.33</UnitOfMeasurePrice>
      <AllowDiscount>1</AllowDiscount>
      <ItemStatus>1</ItemStatus>
    </Item>
    <Item>
      <PriceUpdateDate>2020-10-10 21:00</PriceUpdateDate>
      <ItemCode>7290101279662</ItemCode>
      <ItemType>1</ItemType>
      <ItemName>OIL MUSK ICON א.ד.פ לאשה</ItemName>
      <ManufacturerName>גייד בישום</ManufacturerName>
      <ManufactureCountry>IL</ManufactureCountry>
      <ManufacturerItemDescription>M-O ICON א.ד.פ</ManufacturerItemDescription>
      <UnitQty>מיליליטרים</UnitQty>
      <Quantity>50.00</Quantity>
      <bIsWeighted>0</bIsWeighted>
      <UnitOfMeasure>100 מ"ל</UnitOfMeasure>
      <QtyInPackage>0</QtyInPackage>
      <ItemPrice>99.00</ItemPrice>
      <UnitOfMeasurePrice>198.00</UnitOfMeasurePrice>
      <AllowDiscount>1</AllowDiscount>
      <ItemStatus>1</ItemStatus>
    </Item>
    <Item>
      <PriceUpdateDate>2020-10-10 21:00</PriceUpdateDate>
      <ItemCode>7290101488248</ItemCode>
      <ItemType>1</ItemType>
      <ItemName>ליידי ס.סטיק רולאון ורוד</ItemName>
      <ManufacturerName>קולגייט פלמוליב</ManufacturerName>
      <ManufactureCountry>IT</ManufactureCountry>
      <ManufacturerItemDescription>ליידי ספיד סטיק</ManufacturerItemDescription>
      <UnitQty>מיליליטרים</UnitQty>
      <Quantity>50.00</Quantity>
      <bIsWeighted>0</bIsWeighted>
      <UnitOfMeasure>100 מ"ל</UnitOfMeasure>
      <QtyInPackage>0</QtyInPackage>
      <ItemPrice>14.90</ItemPrice>
      <UnitOfMeasurePrice>29.80</UnitOfMeasurePrice>
      <AllowDiscount>1</AllowDiscount>
      <ItemStatus>1</ItemStatus>
    </Item>
    <Item>
      <PriceUpdateDate>2020-10-10 21:00</PriceUpdateDate>
      <ItemCode>7290101488323</ItemCode>
      <ItemType>1</ItemType>
      <ItemName>ליידי ספיד סטיק סגול 65ג</ItemName>
      <ManufacturerName>קולגייט פלמוליב</ManufacturerName>
      <ManufactureCountry>US</ManufactureCountry>
      <ManufacturerItemDescription>ליידי ספיד סטיק</ManufacturerItemDescription>
      <UnitQty>גרמים</UnitQty>
      <Quantity>65.00</Quantity>
      <bIsWeighted>0</bIsWeighted>
      <UnitOfMeasure>100 גרם</UnitOfMeasure>
      <QtyInPackage>0</QtyInPackage>
      <ItemPrice>19.90</ItemPrice>
      <UnitOfMeasurePrice>30.62</UnitOfMeasurePrice>
      <AllowDiscount>1</AllowDiscount>
      <ItemStatus>1</ItemStatus>
    </Item>
    <Item>
      <PriceUpdateDate>2020-06-26 00:03</PriceUpdateDate>
      <ItemCode>7290101866633</ItemCode>
      <ItemType>1</ItemType>
      <ItemName>מסיר כתמים ג'ל וניש קליה</ItemName>
      <ManufacturerName>רקיט בנקיזר</ManufacturerName>
      <ManufactureCountry>IL</ManufactureCountry>
      <ManufacturerItemDescription>מסיר כתמים וניש</ManufacturerItemDescription>
      <UnitQty>ליטרים</UnitQty>
      <Quantity>3.00</Quantity>
      <bIsWeighted>0</bIsWeighted>
      <UnitOfMeasure>ליטר</UnitOfMeasure>
      <QtyInPackage>0</QtyInPackage>
      <ItemPrice>24.90</ItemPrice>
      <UnitOfMeasurePrice>8.30</UnitOfMeasurePrice>
      <AllowDiscount>1</AllowDiscount>
      <ItemStatus>1</ItemStatus>
    </Item>
    <Item>
      <PriceUpdateDate>2020-01-20 00:21</PriceUpdateDate>
      <ItemCode>7290101869764</ItemCode>
      <ItemType>1</ItemType>
      <ItemName>אירויק מכשיר חלום קיץ250</ItemName>
      <ManufacturerName>רקיט בנקיזר</ManufacturerName>
      <ManufactureCountry>CN</ManufactureCountry>
      <ManufacturerItemDescription>אירויק מכשיר</ManufacturerItemDescription>
      <UnitQty>מיליליטרים</UnitQty>
      <Quantity>250.00</Quantity>
      <bIsWeighted>0</bIsWeighted>
      <UnitOfMeasure>100 מ"ל</UnitOfMeasure>
      <QtyInPackage>1</QtyInPackage>
      <ItemPrice>61.90</ItemPrice>
      <UnitOfMeasurePrice>24.76</UnitOfMeasurePrice>
      <AllowDiscount>1</AllowDiscount>
      <ItemStatus>1</ItemStatus>
    </Item>
    <Item>
      <PriceUpdateDate>2020-10-10 20:20</PriceUpdateDate>
      <ItemCode>7290102060764</ItemCode>
      <ItemType>1</ItemType>
      <ItemName>2 מברשות שיניים מרידול</ItemName>
      <ManufacturerName>גאבה</ManufacturerName>
      <ManufactureCountry>CH</ManufactureCountry>
      <ManufacturerItemDescription>2 מברשות שיניים</ManufacturerItemDescription>
      <UnitQty>יחידה</UnitQty>
      <Quantity>1.00</Quantity>
      <bIsWeighted>0</bIsWeighted>
      <UnitOfMeasure>יחידה</UnitOfMeasure>
      <QtyInPackage>0</QtyInPackage>
      <ItemPrice>31.90</ItemPrice>
      <UnitOfMeasurePrice>31.90</UnitOfMeasurePrice>
      <AllowDiscount>1</AllowDiscount>
      <ItemStatus>1</ItemStatus>
    </Item>
    <Item>
      <PriceUpdateDate>2020-01-20 00:14</PriceUpdateDate>
      <ItemCode>7290102060979</ItemCode>
      <ItemType>1</ItemType>
      <ItemName>משחה שיניים אלמקס 100מ"ל</ItemName>
      <ManufacturerName>קולגייט- פלמוליב</ManufacturerName>
      <ManufactureCountry>PL</ManufactureCountry>
      <ManufacturerItemDescription>משחת שיניים</ManufacturerItemDescription>
      <UnitQty>מיליליטרים</UnitQty>
      <Quantity>100.00</Quantity>
      <bIsWeighted>0</bIsWeighted>
      <UnitOfMeasure>100 מ"ל</UnitOfMeasure>
      <QtyInPackage>0</QtyInPackage>
      <ItemPrice>18.90</ItemPrice>
      <UnitOfMeasurePrice>18.90</UnitOfMeasurePrice>
      <AllowDiscount>1</AllowDiscount>
      <ItemStatus>1</ItemStatus>
    </Item>
    <Item>
      <PriceUpdateDate>2020-10-10 21:00</PriceUpdateDate>
      <ItemCode>7290103120658</ItemCode>
      <ItemType>1</ItemType>
      <ItemName>ספיד סטיק ג'ל 24/7 שחור</ItemName>
      <ManufacturerName>ש. שסטוביץ בע"\מ</ManufacturerName>
      <ManufactureCountry>US</ManufactureCountry>
      <ManufacturerItemDescription>דאודורנט</ManufacturerItemDescription>
      <UnitQty>גרמים</UnitQty>
      <Quantity>85.00</Quantity>
      <bIsWeighted>0</bIsWeighted>
      <UnitOfMeasure>100 גרם</UnitOfMeasure>
      <QtyInPackage>0</QtyInPackage>
      <ItemPrice>19.90</ItemPrice>
      <UnitOfMeasurePrice>23.41</UnitOfMeasurePrice>
      <AllowDiscount>1</AllowDiscount>
      <ItemStatus>1</ItemStatus>
    </Item>
    <Item>
      <PriceUpdateDate>2020-10-10 20:20</PriceUpdateDate>
      <ItemCode>7290103124588</ItemCode>
      <ItemType>1</ItemType>
      <ItemName>פלמוליב ארומתרפי סגול750</ItemName>
      <ManufacturerName>קולגייט פלמוליב</ManufacturerName>
      <ManufactureCountry>TR</ManufactureCountry>
      <ManufacturerItemDescription>סבון פלמוליב</ManufacturerItemDescription>
      <UnitQty>מיליליטרים</UnitQty>
      <Quantity>750.00</Quantity>
      <bIsWeighted>0</bIsWeighted>
      <UnitOfMeasure>100 מ"ל</UnitOfMeasure>
      <QtyInPackage>0</QtyInPackage>
      <ItemPrice>15.90</ItemPrice>
      <UnitOfMeasurePrice>2.12</UnitOfMeasurePrice>
      <AllowDiscount>1</AllowDiscount>
      <ItemStatus>1</ItemStatus>
    </Item>
    <Item>
      <PriceUpdateDate>2020-10-10 20:20</PriceUpdateDate>
      <ItemCode>7290103124601</ItemCode>
      <ItemType>1</ItemType>
      <ItemName>פלמוליב חלב ודבש משאב750</ItemName>
      <ManufacturerName>קולגייט פלמוליב</ManufacturerName>
      <ManufactureCountry>TR</ManufactureCountry>
      <ManufacturerItemDescription>סבון פלמוליב</ManufacturerItemDescription>
      <UnitQty>מיליליטרים</UnitQty>
      <Quantity>750.00</Quantity>
      <bIsWeighted>0</bIsWeighted>
      <UnitOfMeasure>100 מ"ל</UnitOfMeasure>
      <QtyInPackage>0</QtyInPackage>
      <ItemPrice>15.90</ItemPrice>
      <UnitOfMeasurePrice>2.12</UnitOfMeasurePrice>
      <AllowDiscount>1</AllowDiscount>
      <ItemStatus>1</ItemStatus>
    </Item>
    <Item>
      <PriceUpdateDate>2020-01-20 00:14</PriceUpdateDate>
      <ItemCode>7290103126797</ItemCode>
      <ItemType>1</ItemType>
      <ItemName>קולגייט פרו ריליף 75 מ"ל</ItemName>
      <ManufacturerName>קולגייט פלמוליב</ManufacturerName>
      <ManufactureCountry>BR</ManufactureCountry>
      <ManufacturerItemDescription>משחת קולגייט</ManufacturerItemDescription>
      <UnitQty>מיליליטרים</UnitQty>
      <Quantity>75.00</Quantity>
      <bIsWeighted>0</bIsWeighted>
      <UnitOfMeasure>100 מ"ל</UnitOfMeasure>
      <QtyInPackage>0</QtyInPackage>
      <ItemPrice>24.90</ItemPrice>
      <UnitOfMeasurePrice>33.20</UnitOfMeasurePrice>
      <AllowDiscount>1</AllowDiscount>
      <ItemStatus>1</ItemStatus>
    </Item>
    <Item>
      <PriceUpdateDate>2020-10-10 21:00</PriceUpdateDate>
      <ItemCode>7290103129378</ItemCode>
      <ItemType>1</ItemType>
      <ItemName>ספיד סטיק ג'ל 5X 85 גרם</ItemName>
      <ManufacturerName>קולגייט פלמוליב</ManufacturerName>
      <ManufactureCountry>US</ManufactureCountry>
      <ManufacturerItemDescription>דאו. ספיד סטיק</ManufacturerItemDescription>
      <UnitQty>גרמים</UnitQty>
      <Quantity>85.00</Quantity>
      <bIsWeighted>0</bIsWeighted>
      <UnitOfMeasure>100 גרם</UnitOfMeasure>
      <QtyInPackage>0</QtyInPackage>
      <ItemPrice>17.90</ItemPrice>
      <UnitOfMeasurePrice>21.06</UnitOfMeasurePrice>
      <AllowDiscount>1</AllowDiscount>
      <ItemStatus>1</ItemStatus>
    </Item>
    <Item>
      <PriceUpdateDate>2020-10-10 21:00</PriceUpdateDate>
      <ItemCode>7290103129392</ItemCode>
      <ItemType>1</ItemType>
      <ItemName>ליידי ס.ס אינפיוזן סגול</ItemName>
      <ManufacturerName>קולגייט פלמוליב</ManufacturerName>
      <ManufactureCountry>US</ManufactureCountry>
      <ManufacturerItemDescription>ליידי ספיד סטיק</ManufacturerItemDescription>
      <UnitQty>גרמים</UnitQty>
      <Quantity>65.00</Quantity>
      <bIsWeighted>0</bIsWeighted>
      <UnitOfMeasure>100 גרם</UnitOfMeasure>
      <QtyInPackage>0</QtyInPackage>
      <ItemPrice>19.90</ItemPrice>
      <UnitOfMeasurePrice>30.62</UnitOfMeasurePrice>
      <AllowDiscount>1</AllowDiscount>
      <ItemStatus>1</ItemStatus>
    </Item>
    <Item>
      <PriceUpdateDate>2020-01-20 00:14</PriceUpdateDate>
      <ItemCode>7290103129637</ItemCode>
      <ItemType>1</ItemType>
      <ItemName>בלונס פדים אובליים 40 יח</ItemName>
      <ManufacturerName>ספטונה</ManufacturerName>
      <ManufactureCountry>GR</ManufactureCountry>
      <ManufacturerItemDescription>בלונס פרים</ManufacturerItemDescription>
      <UnitQty>יחידה</UnitQty>
      <Quantity>1.00</Quantity>
      <bIsWeighted>0</bIsWeighted>
      <UnitOfMeasure>יחידה</UnitOfMeasure>
      <QtyInPackage>0</QtyInPackage>
      <ItemPrice>9.90</ItemPrice>
      <UnitOfMeasurePrice>9.90</UnitOfMeasurePrice>
      <AllowDiscount>1</AllowDiscount>
      <ItemStatus>1</ItemStatus>
    </Item>
    <Item>
      <PriceUpdateDate>2020-02-21 08:25</PriceUpdateDate>
      <ItemCode>7290103330057</ItemCode>
      <ItemType>1</ItemType>
      <ItemName>עפרון עיניים עמיד 305 יח</ItemName>
      <ManufacturerName>גייד</ManufacturerName>
      <ManufactureCountry>IL</ManufactureCountry>
      <ManufacturerItemDescription>עפרון עיניים עמי</ManufacturerItemDescription>
      <UnitQty>יחידה</UnitQty>
      <Quantity>1.00</Quantity>
      <bIsWeighted>0</bIsWeighted>
      <UnitOfMeasure>יחידה</UnitOfMeasure>
      <QtyInPackage>0</QtyInPackage>
      <ItemPrice>40.90</ItemPrice>
      <UnitOfMeasurePrice>40.90</UnitOfMeasurePrice>
      <AllowDiscount>1</AllowDiscount>
      <ItemStatus>1</ItemStatus>
    </Item>
    <Item>
      <PriceUpdateDate>2020-02-21 08:25</PriceUpdateDate>
      <ItemCode>7290103330149</ItemCode>
      <ItemType>1</ItemType>
      <ItemName>עפרון עיניים עמיד 300 יח</ItemName>
      <ManufacturerName>גייד</ManufacturerName>
      <ManufactureCountry>IL</ManufactureCountry>
      <ManufacturerItemDescription>עפרון עיניים 300</ManufacturerItemDescription>
      <UnitQty>יחידה</UnitQty>
      <Quantity>1.00</Quantity>
      <bIsWeighted>0</bIsWeighted>
      <UnitOfMeasure>יחידה</UnitOfMeasure>
      <QtyInPackage>0</QtyInPackage>
      <ItemPrice>40.90</ItemPrice>
      <UnitOfMeasurePrice>40.90</UnitOfMeasurePrice>
      <AllowDiscount>1</AllowDiscount>
      <ItemStatus>1</ItemStatus>
    </Item>
    <Item>
      <PriceUpdateDate>2020-02-21 08:25</PriceUpdateDate>
      <ItemCode>7290103331702</ItemCode>
      <ItemType>1</ItemType>
      <ItemName>פודרה ריץ אנד מוייסט11</ItemName>
      <ManufacturerName>גייד</ManufacturerName>
      <ManufactureCountry>IL</ManufactureCountry>
      <ManufacturerItemDescription>פודרה ריץ אנד מו</ManufacturerItemDescription>
      <UnitQty>יחידה</UnitQty>
      <Quantity>1.00</Quantity>
      <bIsWeighted>0</bIsWeighted>
      <UnitOfMeasure>יחידה</UnitOfMeasure>
      <QtyInPackage>0</QtyInPackage>
      <ItemPrice>77.90</ItemPrice>
      <UnitOfMeasurePrice>77.90</UnitOfMeasurePrice>
      <AllowDiscount>1</AllowDiscount>
      <ItemStatus>1</ItemStatus>
    </Item>
    <Item>
      <PriceUpdateDate>2020-02-21 08:25</PriceUpdateDate>
      <ItemCode>7290103332273</ItemCode>
      <ItemType>1</ItemType>
      <ItemName>LONGEVITY מייק אפ 502</ItemName>
      <ManufacturerName>גייד</ManufacturerName>
      <ManufactureCountry>IL</ManufactureCountry>
      <ManufacturerItemDescription>LONGEVITY מייקאפ</ManufacturerItemDescription>
      <UnitQty>מיליליטרים</UnitQty>
      <Quantity>30.00</Quantity>
      <bIsWeighted>0</bIsWeighted>
      <UnitOfMeasure>100 מ"ל</UnitOfMeasure>
      <QtyInPackage>0</QtyInPackage>
      <ItemPrice>123.90</ItemPrice>
      <UnitOfMeasurePrice>413.00</UnitOfMeasurePrice>
      <AllowDiscount>1</AllowDiscount>
      <ItemStatus>1</ItemStatus>
    </Item>
    <Item>
      <PriceUpdateDate>2020-02-21 08:25</PriceUpdateDate>
      <ItemCode>7290103332297</ItemCode>
      <ItemType>1</ItemType>
      <ItemName>LONGEVITY מייק אפ 504</ItemName>
      <ManufacturerName>גייד</ManufacturerName>
      <ManufactureCountry>IL</ManufactureCountry>
      <ManufacturerItemDescription>LONGEVITY מייקאפ</ManufacturerItemDescription>
      <UnitQty>מיליליטרים</UnitQty>
      <Quantity>30.00</Quantity>
      <bIsWeighted>0</bIsWeighted>
      <UnitOfMeasure>100 מ"ל</UnitOfMeasure>
      <QtyInPackage>0</QtyInPackage>
      <ItemPrice>123.90</ItemPrice>
      <UnitOfMeasurePrice>413.00</UnitOfMeasurePrice>
      <AllowDiscount>1</AllowDiscount>
      <ItemStatus>1</ItemStatus>
    </Item>
    <Item>
      <PriceUpdateDate>2020-10-10 21:00</PriceUpdateDate>
      <ItemCode>7290103333294</ItemCode>
      <ItemType>1</ItemType>
      <ItemName>SUBLIME HYDRA רימונים</ItemName>
      <ManufacturerName>גייד</ManufacturerName>
      <ManufactureCountry>IL</ManufactureCountry>
      <ManufacturerItemDescription>HYDRA סרום</ManufacturerItemDescription>
      <UnitQty>מיליליטרים</UnitQty>
      <Quantity>30.00</Quantity>
      <bIsWeighted>0</bIsWeighted>
      <UnitOfMeasure>100 מ"ל</UnitOfMeasure>
      <QtyInPackage>0</QtyInPackage>
      <ItemPrice>69.00</ItemPrice>
      <UnitOfMeasurePrice>230.00</UnitOfMeasurePrice>
      <AllowDiscount>1</AllowDiscount>
      <ItemStatus>1</ItemStatus>
    </Item>
    <Item>
      <PriceUpdateDate>2020-02-21 08:25</PriceUpdateDate>
      <ItemCode>7290103336738</ItemCode>
      <ItemType>1</ItemType>
      <ItemName>עפרון עיניים מטאליק100</ItemName>
      <ManufacturerName>גייד</ManufacturerName>
      <ManufactureCountry>IL</ManufactureCountry>
      <ManufacturerItemDescription>עפרון עיניים מטא</ManufacturerItemDescription>
      <UnitQty>יחידה</UnitQty>
      <Quantity>1.00</Quantity>
      <bIsWeighted>0</bIsWeighted>
      <UnitOfMeasure>יחידה</UnitOfMeasure>
      <QtyInPackage>0</QtyInPackage>
      <ItemPrice>39.90</ItemPrice>
      <UnitOfMeasurePrice>39.90</UnitOfMeasurePrice>
      <AllowDiscount>1</AllowDiscount>
      <ItemStatus>1</ItemStatus>
    </Item>
    <Item>
      <PriceUpdateDate>2020-01-20 00:09</PriceUpdateDate>
      <ItemCode>7290104060403</ItemCode>
      <ItemType>1</ItemType>
      <ItemName>מסטיק מאסט בזוקה ענבים28</ItemName>
      <ManufacturerName>עלית</ManufacturerName>
      <ManufactureCountry>IL</ManufactureCountry>
      <ManufacturerItemDescription>מסטיק מאסט בזוקה</ManufacturerItemDescription>
      <UnitQty>גרמים</UnitQty>
      <Quantity>28.00</Quantity>
      <bIsWeighted>0</bIsWeighted>
      <UnitOfMeasure>100 גרם</UnitOfMeasure>
      <QtyInPackage>0</QtyInPackage>
      <ItemPrice>4.50</ItemPrice>
      <UnitOfMeasurePrice>16.07</UnitOfMeasurePrice>
      <AllowDiscount>1</AllowDiscount>
      <ItemStatus>1</ItemStatus>
    </Item>
    <Item>
      <PriceUpdateDate>2020-01-31 05:46</PriceUpdateDate>
      <ItemCode>7290104340697</ItemCode>
      <ItemType>1</ItemType>
      <ItemName>ארגונית תרופות קפיץ home</ItemName>
      <ManufacturerName>כללי</ManufacturerName>
      <ManufactureCountry />
      <ManufacturerItemDescription>ארגונית תרופות ק</ManufacturerItemDescription>
      <UnitQty>יחידה</UnitQty>
      <Quantity>1.00</Quantity>
      <bIsWeighted>0</bIsWeighted>
      <UnitOfMeasure>יחידה</UnitOfMeasure>
      <QtyInPackage>0</QtyInPackage>
      <ItemPrice>14.90</ItemPrice>
      <UnitOfMeasurePrice>14.90</UnitOfMeasurePrice>
      <AllowDiscount>1</AllowDiscount>
      <ItemStatus>1</ItemStatus>
    </Item>
    <Item>
      <PriceUpdateDate>2020-01-31 05:46</PriceUpdateDate>
      <ItemCode>7290104341397</ItemCode>
      <ItemType>1</ItemType>
      <ItemName>עט פרנץ לבן</ItemName>
      <ManufacturerName>כללי</ManufacturerName>
      <ManufactureCountry />
      <ManufacturerItemDescription>עט פרנץ לבן</ManufacturerItemDescription>
      <UnitQty>יחידה</UnitQty>
      <Quantity>1.00</Quantity>
      <bIsWeighted>0</bIsWeighted>
      <UnitOfMeasure>יחידה</UnitOfMeasure>
      <QtyInPackage>0</QtyInPackage>
      <ItemPrice>40.00</ItemPrice>
      <UnitOfMeasurePrice>40.00</UnitOfMeasurePrice>
      <AllowDiscount>1</AllowDiscount>
      <ItemStatus>1</ItemStatus>
    </Item>
    <Item>
      <PriceUpdateDate>2020-01-20 00:13</PriceUpdateDate>
      <ItemCode>7290104360855</ItemCode>
      <ItemType>1</ItemType>
      <ItemName>קרם לחות לעור שמן 50 מ"ל</ItemName>
      <ManufacturerName>ספא פארמה</ManufacturerName>
      <ManufactureCountry>IL</ManufactureCountry>
      <ManufacturerItemDescription>קרם לחות לעור שמ</ManufacturerItemDescription>
      <UnitQty>מיליליטרים</UnitQty>
      <Quantity>50.00</Quantity>
      <bIsWeighted>0</bIsWeighted>
      <UnitOfMeasure>100 מ"ל</UnitOfMeasure>
      <QtyInPackage>1</QtyInPackage>
      <ItemPrice>24.90</ItemPrice>
      <UnitOfMeasurePrice>49.80</UnitOfMeasurePrice>
      <AllowDiscount>1</AllowDiscount>
      <ItemStatus>1</ItemStatus>
    </Item>
    <Item>
      <PriceUpdateDate>2020-03-20 05:41</PriceUpdateDate>
      <ItemCode>7290104363962</ItemCode>
      <ItemType>1</ItemType>
      <ItemName>קרם לחות קולגן  50 מ"ל</ItemName>
      <ManufacturerName>ספא פארמה</ManufacturerName>
      <ManufactureCountry>IL</ManufactureCountry>
      <ManufacturerItemDescription>קרם לחות קולגן</ManufacturerItemDescription>
      <UnitQty>מיליליטרים</UnitQty>
      <Quantity>50.00</Quantity>
      <bIsWeighted>0</bIsWeighted>
      <UnitOfMeasure>100 מ"ל</UnitOfMeasure>
      <QtyInPackage>1</QtyInPackage>
      <ItemPrice>29.90</ItemPrice>
      <UnitOfMeasurePrice>59.80</UnitOfMeasurePrice>
      <AllowDiscount>1</AllowDiscount>
      <ItemStatus>1</ItemStatus>
    </Item>
    <Item>
      <PriceUpdateDate>2020-01-20 00:13</PriceUpdateDate>
      <ItemCode>7290104364365</ItemCode>
      <ItemType>1</ItemType>
      <ItemName>שקית מלח רגיל 300 מ"ל</ItemName>
      <ManufacturerName>ספא פארמה</ManufacturerName>
      <ManufactureCountry>IL</ManufactureCountry>
      <ManufacturerItemDescription>קרם רב שימושי</ManufacturerItemDescription>
      <UnitQty>מיליליטרים</UnitQty>
      <Quantity>300.00</Quantity>
      <bIsWeighted>0</bIsWeighted>
      <UnitOfMeasure>100 מ"ל</UnitOfMeasure>
      <QtyInPackage>1</QtyInPackage>
      <ItemPrice>9.90</ItemPrice>
      <UnitOfMeasurePrice>3.30</UnitOfMeasurePrice>
      <AllowDiscount>1</AllowDiscount>
      <ItemStatus>1</ItemStatus>
    </Item>
    <Item>
      <PriceUpdateDate>2020-01-20 00:13</PriceUpdateDate>
      <ItemCode>7290104364631</ItemCode>
      <ItemType>1</ItemType>
      <ItemName>קרם לחות רימונים 50 מ"ל</ItemName>
      <ManufacturerName>ספא פארמה</ManufacturerName>
      <ManufactureCountry>IL</ManufactureCountry>
      <ManufacturerItemDescription>קרם לחות רימונים</ManufacturerItemDescription>
      <UnitQty>מיליליטרים</UnitQty>
      <Quantity>50.00</Quantity>
      <bIsWeighted>0</bIsWeighted>
      <UnitOfMeasure>100 מ"ל</UnitOfMeasure>
      <QtyInPackage>1</QtyInPackage>
      <ItemPrice>19.90</ItemPrice>
      <UnitOfMeasurePrice>39.80</UnitOfMeasurePrice>
      <AllowDiscount>1</AllowDiscount>
      <ItemStatus>1</ItemStatus>
    </Item>
    <Item>
      <PriceUpdateDate>2020-01-20 00:13</PriceUpdateDate>
      <ItemCode>7290104364655</ItemCode>
      <ItemType>1</ItemType>
      <ItemName>ק.אנטי אייג'נג אבוקדו50מ</ItemName>
      <ManufacturerName>ספא פארמה</ManufacturerName>
      <ManufactureCountry>IL</ManufactureCountry>
      <ManufacturerItemDescription>קרם אנטי אייגינג</ManufacturerItemDescription>
      <UnitQty>מיליליטרים</UnitQty>
      <Quantity>50.00</Quantity>
      <bIsWeighted>0</bIsWeighted>
      <UnitOfMeasure>100 מ"ל</UnitOfMeasure>
      <QtyInPackage>0</QtyInPackage>
      <ItemPrice>19.90</ItemPrice>
      <UnitOfMeasurePrice>39.80</UnitOfMeasurePrice>
      <AllowDiscount>1</AllowDiscount>
      <ItemStatus>1</ItemStatus>
    </Item>
    <Item>
      <PriceUpdateDate>2020-05-24 10:13</PriceUpdateDate>
      <ItemCode>7290104366949</ItemCode>
      <ItemType>1</ItemType>
      <ItemName>אוליב קרם לחות לשיער</ItemName>
      <ManufacturerName>א.פ.חורי</ManufacturerName>
      <ManufactureCountry>IL</ManufactureCountry>
      <ManufacturerItemDescription>אוליב קרם לחות ל</ManufacturerItemDescription>
      <UnitQty>מיליליטרים</UnitQty>
      <Quantity>500.00</Quantity>
      <bIsWeighted>0</bIsWeighted>
      <UnitOfMeasure>100 מ"ל</UnitOfMeasure>
      <QtyInPackage>0</QtyInPackage>
      <ItemPrice>19.90</ItemPrice>
      <UnitOfMeasurePrice>3.98</UnitOfMeasurePrice>
      <AllowDiscount>1</AllowDiscount>
      <ItemStatus>1</ItemStatus>
    </Item>
    <Item>
      <PriceUpdateDate>2020-05-27 22:46</PriceUpdateDate>
      <ItemCode>7290104367656</ItemCode>
      <ItemType>1</ItemType>
      <ItemName>קרם לחות לעור רגיל ומעור</ItemName>
      <ManufacturerName>כללי</ManufacturerName>
      <ManufactureCountry>IL</ManufactureCountry>
      <ManufacturerItemDescription>קרם לחות לעור רג</ManufacturerItemDescription>
      <UnitQty>מיליליטרים</UnitQty>
      <Quantity>50.00</Quantity>
      <bIsWeighted>0</bIsWeighted>
      <UnitOfMeasure>100 מ"ל</UnitOfMeasure>
      <QtyInPackage>1</QtyInPackage>
      <ItemPrice>24.90</ItemPrice>
      <UnitOfMeasurePrice>49.80</UnitOfMeasurePrice>
      <AllowDiscount>1</AllowDiscount>
      <ItemStatus>1</ItemStatus>
    </Item>
    <Item>
      <PriceUpdateDate>2020-05-27 22:46</PriceUpdateDate>
      <ItemCode>7290104367670</ItemCode>
      <ItemType>1</ItemType>
      <ItemName>סרום ממצק לפנים 30 מ"ל</ItemName>
      <ManufacturerName>כללי</ManufacturerName>
      <ManufactureCountry>IL</ManufactureCountry>
      <ManufacturerItemDescription>סרום ממצק לפנים</ManufacturerItemDescription>
      <UnitQty>מיליליטרים</UnitQty>
      <Quantity>30.00</Quantity>
      <bIsWeighted>0</bIsWeighted>
      <UnitOfMeasure>100 מ"ל</UnitOfMeasure>
      <QtyInPackage>1</QtyInPackage>
      <ItemPrice>29.90</ItemPrice>
      <UnitOfMeasurePrice>99.66</UnitOfMeasurePrice>
      <AllowDiscount>1</AllowDiscount>
      <ItemStatus>1</ItemStatus>
    </Item>
    <Item>
      <PriceUpdateDate>2020-10-10 20:20</PriceUpdateDate>
      <ItemCode>7290104960239</ItemCode>
      <ItemType>1</ItemType>
      <ItemName>סבון נקה7 ארומה לבן 750מ</ItemName>
      <ManufacturerName>אמיליה קוסמטיקס בע'\'\מ</ManufacturerName>
      <ManufactureCountry>IL</ManufactureCountry>
      <ManufacturerItemDescription>תחליב רחצה נקה 7</ManufacturerItemDescription>
      <UnitQty>מיליליטרים</UnitQty>
      <Quantity>750.00</Quantity>
      <bIsWeighted>0</bIsWeighted>
      <UnitOfMeasure>100 מ"ל</UnitOfMeasure>
      <QtyInPackage>0</QtyInPackage>
      <ItemPrice>9.90</ItemPrice>
      <UnitOfMeasurePrice>1.32</UnitOfMeasurePrice>
      <AllowDiscount>1</AllowDiscount>
      <ItemStatus>1</ItemStatus>
    </Item>
    <Item>
      <PriceUpdateDate>2020-10-10 20:20</PriceUpdateDate>
      <ItemCode>7290104960246</ItemCode>
      <ItemType>1</ItemType>
      <ItemName>תחליב רח.נקה 7  ורוד 750</ItemName>
      <ManufacturerName>אמיליה קוסמטיקס בע'\'\מ</ManufacturerName>
      <ManufactureCountry>IL</ManufactureCountry>
      <ManufacturerItemDescription>תחליב רחצה נקה 7</ManufacturerItemDescription>
      <UnitQty>מיליליטרים</UnitQty>
      <Quantity>750.00</Quantity>
      <bIsWeighted>0</bIsWeighted>
      <UnitOfMeasure>100 מ"ל</UnitOfMeasure>
      <QtyInPackage>0</QtyInPackage>
      <ItemPrice>9.90</ItemPrice>
      <UnitOfMeasurePrice>1.32</UnitOfMeasurePrice>
      <AllowDiscount>1</AllowDiscount>
      <ItemStatus>1</ItemStatus>
    </Item>
    <Item>
      <PriceUpdateDate>2020-10-10 20:20</PriceUpdateDate>
      <ItemCode>7290104960253</ItemCode>
      <ItemType>1</ItemType>
      <ItemName>סבון נקה7 ארומה לבנדר750</ItemName>
      <ManufacturerName>אמיליה קוסמטיקס בע'\'\מ</ManufacturerName>
      <ManufactureCountry>IL</ManufactureCountry>
      <ManufacturerItemDescription>תחליב רחצה נקה 7</ManufacturerItemDescription>
      <UnitQty>מיליליטרים</UnitQty>
      <Quantity>750.00</Quantity>
      <bIsWeighted>0</bIsWeighted>
      <UnitOfMeasure>100 מ"ל</UnitOfMeasure>
      <QtyInPackage>0</QtyInPackage>
      <ItemPrice>9.90</ItemPrice>
      <UnitOfMeasurePrice>1.32</UnitOfMeasurePrice>
      <AllowDiscount>1</AllowDiscount>
      <ItemStatus>1</ItemStatus>
    </Item>
    <Item>
      <PriceUpdateDate>2020-10-10 20:20</PriceUpdateDate>
      <ItemCode>7290104960338</ItemCode>
      <ItemType>1</ItemType>
      <ItemName>תחליב רח.נקה 7 אלוורה750</ItemName>
      <ManufacturerName>אמיליה קוסמטיקס בע'\'\מ</ManufacturerName>
      <ManufactureCountry>IL</ManufactureCountry>
      <ManufacturerItemDescription>תחליב רחצה נקה 7</ManufacturerItemDescription>
      <UnitQty>מיליליטרים</UnitQty>
      <Quantity>750.00</Quantity>
      <bIsWeighted>0</bIsWeighted>
      <UnitOfMeasure>100 מ"ל</UnitOfMeasure>
      <QtyInPackage>0</QtyInPackage>
      <ItemPrice>9.90</ItemPrice>
      <UnitOfMeasurePrice>1.32</UnitOfMeasurePrice>
      <AllowDiscount>1</AllowDiscount>
      <ItemStatus>1</ItemStatus>
    </Item>
    <Item>
      <PriceUpdateDate>2020-02-02 12:55</PriceUpdateDate>
      <ItemCode>7290104960413</ItemCode>
      <ItemType>1</ItemType>
      <ItemName>לקה 377</ItemName>
      <ManufacturerName>קרליין</ManufacturerName>
      <ManufactureCountry />
      <ManufacturerItemDescription>לקה 377</ManufacturerItemDescription>
      <UnitQty>יחידה</UnitQty>
      <Quantity>1.00</Quantity>
      <bIsWeighted>0</bIsWeighted>
      <UnitOfMeasure>יחידה</UnitOfMeasure>
      <QtyInPackage>0</QtyInPackage>
      <ItemPrice>14.90</ItemPrice>
      <UnitOfMeasurePrice>14.90</UnitOfMeasurePrice>
      <AllowDiscount>1</AllowDiscount>
      <ItemStatus>1</ItemStatus>
    </Item>
    <Item>
      <PriceUpdateDate>2020-02-02 12:55</PriceUpdateDate>
      <ItemCode>7290104960420</ItemCode>
      <ItemType>1</ItemType>
      <ItemName>לקה 378</ItemName>
      <ManufacturerName>קרליין</ManufacturerName>
      <ManufactureCountry />
      <ManufacturerItemDescription>לקה 378</ManufacturerItemDescription>
      <UnitQty>יחידה</UnitQty>
      <Quantity>1.00</Quantity>
      <bIsWeighted>0</bIsWeighted>
      <UnitOfMeasure>יחידה</UnitOfMeasure>
      <QtyInPackage>0</QtyInPackage>
      <ItemPrice>14.90</ItemPrice>
      <UnitOfMeasurePrice>14.90</UnitOfMeasurePrice>
      <AllowDiscount>1</AllowDiscount>
      <ItemStatus>1</ItemStatus>
    </Item>
    <Item>
      <PriceUpdateDate>2020-02-02 12:55</PriceUpdateDate>
      <ItemCode>7290104960451</ItemCode>
      <ItemType>1</ItemType>
      <ItemName>לקה 381</ItemName>
      <ManufacturerName>קרליין</ManufacturerName>
      <ManufactureCountry />
      <ManufacturerItemDescription>לקה 381</ManufacturerItemDescription>
      <UnitQty>יחידה</UnitQty>
      <Quantity>1.00</Quantity>
      <bIsWeighted>0</bIsWeighted>
      <UnitOfMeasure>יחידה</UnitOfMeasure>
      <QtyInPackage>0</QtyInPackage>
      <ItemPrice>14.90</ItemPrice>
      <UnitOfMeasurePrice>14.90</UnitOfMeasurePrice>
      <AllowDiscount>1</AllowDiscount>
      <ItemStatus>1</ItemStatus>
    </Item>
    <Item>
      <PriceUpdateDate>2020-02-02 12:55</PriceUpdateDate>
      <ItemCode>7290104960475</ItemCode>
      <ItemType>1</ItemType>
      <ItemName>לקה 383</ItemName>
      <ManufacturerName>קרליין</ManufacturerName>
      <ManufactureCountry />
      <ManufacturerItemDescription>לקה 383</ManufacturerItemDescription>
      <UnitQty>יחידה</UnitQty>
      <Quantity>1.00</Quantity>
      <bIsWeighted>0</bIsWeighted>
      <UnitOfMeasure>יחידה</UnitOfMeasure>
      <QtyInPackage>0</QtyInPackage>
      <ItemPrice>14.90</ItemPrice>
      <UnitOfMeasurePrice>14.90</UnitOfMeasurePrice>
      <AllowDiscount>1</AllowDiscount>
      <ItemStatus>1</ItemStatus>
    </Item>
    <Item>
      <PriceUpdateDate>2020-02-02 12:55</PriceUpdateDate>
      <ItemCode>7290104960482</ItemCode>
      <ItemType>1</ItemType>
      <ItemName>לקה 384</ItemName>
      <ManufacturerName>קרליין</ManufacturerName>
      <ManufactureCountry />
      <ManufacturerItemDescription>לקה 384</ManufacturerItemDescription>
      <UnitQty>יחידה</UnitQty>
      <Quantity>1.00</Quantity>
      <bIsWeighted>0</bIsWeighted>
      <UnitOfMeasure>יחידה</UnitOfMeasure>
      <QtyInPackage>0</QtyInPackage>
      <ItemPrice>14.90</ItemPrice>
      <UnitOfMeasurePrice>14.90</UnitOfMeasurePrice>
      <AllowDiscount>1</AllowDiscount>
      <ItemStatus>1</ItemStatus>
    </Item>
    <Item>
      <PriceUpdateDate>2020-02-02 12:55</PriceUpdateDate>
      <ItemCode>7290104960987</ItemCode>
      <ItemType>1</ItemType>
      <ItemName>טיטניום מטאל א.ד.ט 100מל</ItemName>
      <ManufacturerName>לוריאל</ManufacturerName>
      <ManufactureCountry />
      <ManufacturerItemDescription>טיטניום מטאל</ManufacturerItemDescription>
      <UnitQty>מיליליטרים</UnitQty>
      <Quantity>100.00</Quantity>
      <bIsWeighted>0</bIsWeighted>
      <UnitOfMeasure>100 מ"ל</UnitOfMeasure>
      <QtyInPackage>0</QtyInPackage>
      <ItemPrice>79.90</ItemPrice>
      <UnitOfMeasurePrice>79.90</UnitOfMeasurePrice>
      <AllowDiscount>1</AllowDiscount>
      <ItemStatus>1</ItemStatus>
    </Item>
    <Item>
      <PriceUpdateDate>2020-05-06 16:13</PriceUpdateDate>
      <ItemCode>7290104960994</ItemCode>
      <ItemType>1</ItemType>
      <ItemName>טיטניום מטאל א.שייב 100מ</ItemName>
      <ManufacturerName>קרליין</ManufacturerName>
      <ManufactureCountry>IL</ManufactureCountry>
      <ManufacturerItemDescription>אפטר שייב</ManufacturerItemDescription>
      <UnitQty>מיליליטרים</UnitQty>
      <Quantity>100.00</Quantity>
      <bIsWeighted>0</bIsWeighted>
      <UnitOfMeasure>100 מ"ל</UnitOfMeasure>
      <QtyInPackage>0</QtyInPackage>
      <ItemPrice>74.90</ItemPrice>
      <UnitOfMeasurePrice>74.90</UnitOfMeasurePrice>
      <AllowDiscount>1</AllowDiscount>
      <ItemStatus>1</ItemStatus>
    </Item>
    <Item>
      <PriceUpdateDate>2020-03-10 13:44</PriceUpdateDate>
      <ItemCode>7290104961007</ItemCode>
      <ItemType>1</ItemType>
      <ItemName>INKLINER אייליינר שחור</ItemName>
      <ManufacturerName>קרליין</ManufacturerName>
      <ManufactureCountry />
      <ManufacturerItemDescription>אייליינר שחור</ManufacturerItemDescription>
      <UnitQty>יחידה</UnitQty>
      <Quantity>1.00</Quantity>
      <bIsWeighted>0</bIsWeighted>
      <UnitOfMeasure>יחידה</UnitOfMeasure>
      <QtyInPackage>0</QtyInPackage>
      <ItemPrice>54.90</ItemPrice>
      <UnitOfMeasurePrice>54.90</UnitOfMeasurePrice>
      <AllowDiscount>1</AllowDiscount>
      <ItemStatus>1</ItemStatus>
    </Item>
    <Item>
      <PriceUpdateDate>2020-03-10 13:44</PriceUpdateDate>
      <ItemCode>7290104961038</ItemCode>
      <ItemType>1</ItemType>
      <ItemName>אייליינר אינקליינר סגול</ItemName>
      <ManufacturerName>קרליין</ManufacturerName>
      <ManufactureCountry />
      <ManufacturerItemDescription>אייליינר סגול</ManufacturerItemDescription>
      <UnitQty>יחידה</UnitQty>
      <Quantity>1.00</Quantity>
      <bIsWeighted>0</bIsWeighted>
      <UnitOfMeasure>יחידה</UnitOfMeasure>
      <QtyInPackage>0</QtyInPackage>
      <ItemPrice>54.90</ItemPrice>
      <UnitOfMeasurePrice>54.90</UnitOfMeasurePrice>
      <AllowDiscount>1</AllowDiscount>
      <ItemStatus>1</ItemStatus>
    </Item>
    <Item>
      <PriceUpdateDate>2020-02-02 12:38</PriceUpdateDate>
      <ItemCode>7290104961229</ItemCode>
      <ItemType>1</ItemType>
      <ItemName>מי פנים רגיל/יבש 260 מ"ל</ItemName>
      <ManufacturerName>קרליין</ManufacturerName>
      <ManufactureCountry>IL</ManufactureCountry>
      <ManufacturerItemDescription>מי פנים</ManufacturerItemDescription>
      <UnitQty>מיליליטרים</UnitQty>
      <Quantity>260.00</Quantity>
      <bIsWeighted>0</bIsWeighted>
      <UnitOfMeasure>100 מ"ל</UnitOfMeasure>
      <QtyInPackage>0</QtyInPackage>
      <ItemPrice>39.90</ItemPrice>
      <UnitOfMeasurePrice>15.35</UnitOfMeasurePrice>
      <AllowDiscount>1</AllowDiscount>
      <ItemStatus>1</ItemStatus>
    </Item>
    <Item>
      <PriceUpdateDate>2020-02-02 12:38</PriceUpdateDate>
      <ItemCode>7290104961236</ItemCode>
      <ItemType>1</ItemType>
      <ItemName>מי פנים לעור רגיל/מעורב</ItemName>
      <ManufacturerName>קרליין</ManufacturerName>
      <ManufactureCountry>IL</ManufactureCountry>
      <ManufacturerItemDescription>מי פנים</ManufacturerItemDescription>
      <UnitQty>מיליליטרים</UnitQty>
      <Quantity>260.00</Quantity>
      <bIsWeighted>0</bIsWeighted>
      <UnitOfMeasure>100 מ"ל</UnitOfMeasure>
      <QtyInPackage>0</QtyInPackage>
      <ItemPrice>39.90</ItemPrice>
      <UnitOfMeasurePrice>15.35</UnitOfMeasurePrice>
      <AllowDiscount>1</AllowDiscount>
      <ItemStatus>1</ItemStatus>
    </Item>
    <Item>
      <PriceUpdateDate>2020-10-10 20:20</PriceUpdateDate>
      <ItemCode>7290104961243</ItemCode>
      <ItemType>1</ItemType>
      <ItemName>תח.רחצה נקה7 קוקוס 750מ</ItemName>
      <ManufacturerName>אמיליה קוסמטיקס בע'\'\מ</ManufacturerName>
      <ManufactureCountry>IL</ManufactureCountry>
      <ManufacturerItemDescription>תחליב רחצה</ManufacturerItemDescription>
      <UnitQty>מיליליטרים</UnitQty>
      <Quantity>750.00</Quantity>
      <bIsWeighted>0</bIsWeighted>
      <UnitOfMeasure>100 מ"ל</UnitOfMeasure>
      <QtyInPackage>0</QtyInPackage>
      <ItemPrice>9.90</ItemPrice>
      <UnitOfMeasurePrice>1.32</UnitOfMeasurePrice>
      <AllowDiscount>1</AllowDiscount>
      <ItemStatus>1</ItemStatus>
    </Item>
    <Item>
      <PriceUpdateDate>2020-10-10 20:20</PriceUpdateDate>
      <ItemCode>7290104961250</ItemCode>
      <ItemType>1</ItemType>
      <ItemName>תחליב רחצה נקה7 וניל 750</ItemName>
      <ManufacturerName>אמיליה קוסמטיקס בע'\'\מ</ManufacturerName>
      <ManufactureCountry>IL</ManufactureCountry>
      <ManufacturerItemDescription>תחליב רחצה נקה</ManufacturerItemDescription>
      <UnitQty>מיליליטרים</UnitQty>
      <Quantity>750.00</Quantity>
      <bIsWeighted>0</bIsWeighted>
      <UnitOfMeasure>100 מ"ל</UnitOfMeasure>
      <QtyInPackage>0</QtyInPackage>
      <ItemPrice>9.90</ItemPrice>
      <UnitOfMeasurePrice>1.32</UnitOfMeasurePrice>
      <AllowDiscount>1</AllowDiscount>
      <ItemStatus>1</ItemStatus>
    </Item>
    <Item>
      <PriceUpdateDate>2020-02-02 12:55</PriceUpdateDate>
      <ItemCode>7290104961311</ItemCode>
      <ItemType>1</ItemType>
      <ItemName>טיטניום METAL א.שייב+דאו</ItemName>
      <ManufacturerName>קרליין בישום כל</ManufacturerName>
      <ManufactureCountry>IL</ManufactureCountry>
      <ManufacturerItemDescription>סט טיטניום</ManufacturerItemDescription>
      <UnitQty>יחידה</UnitQty>
      <Quantity>1.00</Quantity>
      <bIsWeighted>0</bIsWeighted>
      <UnitOfMeasure>יחידה</UnitOfMeasure>
      <QtyInPackage>0</QtyInPackage>
      <ItemPrice>99.00</ItemPrice>
      <UnitOfMeasurePrice>99.00</UnitOfMeasurePrice>
      <AllowDiscount>1</AllowDiscount>
      <ItemStatus>1</ItemStatus>
    </Item>
    <Item>
      <PriceUpdateDate>2020-10-10 20:20</PriceUpdateDate>
      <ItemCode>7290104961526</ItemCode>
      <ItemType>1</ItemType>
      <ItemName>טיטניום ספריי קלאסי150מ</ItemName>
      <ManufacturerName>קרליין</ManufacturerName>
      <ManufactureCountry>IL</ManufactureCountry>
      <ManufacturerItemDescription>טיטניום ספריי</ManufacturerItemDescription>
      <UnitQty>מיליליטרים</UnitQty>
      <Quantity>150.00</Quantity>
      <bIsWeighted>0</bIsWeighted>
      <UnitOfMeasure>100 מ"ל</UnitOfMeasure>
      <QtyInPackage>0</QtyInPackage>
      <ItemPrice>9.90</ItemPrice>
      <UnitOfMeasurePrice>6.60</UnitOfMeasurePrice>
      <AllowDiscount>1</AllowDiscount>
      <ItemStatus>1</ItemStatus>
    </Item>
    <Item>
      <PriceUpdateDate>2020-10-10 20:20</PriceUpdateDate>
      <ItemCode>7290104961540</ItemCode>
      <ItemType>1</ItemType>
      <ItemName>טיטניום ספריי מטאל 150מ</ItemName>
      <ManufacturerName>קרליין</ManufacturerName>
      <ManufactureCountry>IL</ManufactureCountry>
      <ManufacturerItemDescription>טיטניום ספריי</ManufacturerItemDescription>
      <UnitQty>מיליליטרים</UnitQty>
      <Quantity>150.00</Quantity>
      <bIsWeighted>0</bIsWeighted>
      <UnitOfMeasure>100 מ"ל</UnitOfMeasure>
      <QtyInPackage>0</QtyInPackage>
      <ItemPrice>9.90</ItemPrice>
      <UnitOfMeasurePrice>6.60</UnitOfMeasurePrice>
      <AllowDiscount>1</AllowDiscount>
      <ItemStatus>1</ItemStatus>
    </Item>
    <Item>
      <PriceUpdateDate>2020-02-02 12:55</PriceUpdateDate>
      <ItemCode>7290104961649</ItemCode>
      <ItemType>1</ItemType>
      <ItemName>מברשת דו צדדי יח</ItemName>
      <ManufacturerName>קרליין</ManufacturerName>
      <ManufactureCountry>IL</ManufactureCountry>
      <ManufacturerItemDescription>מברשת דו צדדי</ManufacturerItemDescription>
      <UnitQty>יחידה</UnitQty>
      <Quantity>1.00</Quantity>
      <bIsWeighted>0</bIsWeighted>
      <UnitOfMeasure>יחידה</UnitOfMeasure>
      <QtyInPackage>0</QtyInPackage>
      <ItemPrice>24.90</ItemPrice>
      <UnitOfMeasurePrice>24.90</UnitOfMeasurePrice>
      <AllowDiscount>1</AllowDiscount>
      <ItemStatus>1</ItemStatus>
    </Item>
    <Item>
      <PriceUpdateDate>2020-02-02 12:55</PriceUpdateDate>
      <ItemCode>7290104961670</ItemCode>
      <ItemType>1</ItemType>
      <ItemName>מברשת סומק יח</ItemName>
      <ManufacturerName>קרליין</ManufacturerName>
      <ManufactureCountry>IL</ManufactureCountry>
      <ManufacturerItemDescription>מברשת סומק</ManufacturerItemDescription>
      <UnitQty>יחידה</UnitQty>
      <Quantity>1.00</Quantity>
      <bIsWeighted>0</bIsWeighted>
      <UnitOfMeasure>יחידה</UnitOfMeasure>
      <QtyInPackage>0</QtyInPackage>
      <ItemPrice>34.90</ItemPrice>
      <UnitOfMeasurePrice>34.90</UnitOfMeasurePrice>
      <AllowDiscount>1</AllowDiscount>
      <ItemStatus>1</ItemStatus>
    </Item>
    <Item>
      <PriceUpdateDate>2020-02-02 12:55</PriceUpdateDate>
      <ItemCode>7290104961694</ItemCode>
      <ItemType>1</ItemType>
      <ItemName>מברשת מייק אפ יח</ItemName>
      <ManufacturerName>קרליין</ManufacturerName>
      <ManufactureCountry>IL</ManufactureCountry>
      <ManufacturerItemDescription>מברשת מייק אפ</ManufacturerItemDescription>
      <UnitQty>יחידה</UnitQty>
      <Quantity>1.00</Quantity>
      <bIsWeighted>0</bIsWeighted>
      <UnitOfMeasure>יחידה</UnitOfMeasure>
      <QtyInPackage>0</QtyInPackage>
      <ItemPrice>34.90</ItemPrice>
      <UnitOfMeasurePrice>34.90</UnitOfMeasurePrice>
      <AllowDiscount>1</AllowDiscount>
      <ItemStatus>1</ItemStatus>
    </Item>
    <Item>
      <PriceUpdateDate>2020-01-20 00:14</PriceUpdateDate>
      <ItemCode>7290104961878</ItemCode>
      <ItemType>1</ItemType>
      <ItemName>שמפו קרטין נטורל 400 מ"ל</ItemName>
      <ManufacturerName>קוסמופארם בע'\'\מ</ManufacturerName>
      <ManufactureCountry>IL</ManufactureCountry>
      <ManufacturerItemDescription>שמפו קרטין</ManufacturerItemDescription>
      <UnitQty>מיליליטרים</UnitQty>
      <Quantity>400.00</Quantity>
      <bIsWeighted>0</bIsWeighted>
      <UnitOfMeasure>100 מ"ל</UnitOfMeasure>
      <QtyInPackage>0</QtyInPackage>
      <ItemPrice>28.90</ItemPrice>
      <UnitOfMeasurePrice>7.23</UnitOfMeasurePrice>
      <AllowDiscount>1</AllowDiscount>
      <ItemStatus>1</ItemStatus>
    </Item>
    <Item>
      <PriceUpdateDate>2020-01-20 00:14</PriceUpdateDate>
      <ItemCode>7290104961885</ItemCode>
      <ItemType>1</ItemType>
      <ItemName>מרכך קרטין נטורל 400 מ"ל</ItemName>
      <ManufacturerName>קוסמופארם בע'\'\מ</ManufacturerName>
      <ManufactureCountry>IL</ManufactureCountry>
      <ManufacturerItemDescription>מרכך קרטין</ManufacturerItemDescription>
      <UnitQty>מיליליטרים</UnitQty>
      <Quantity>400.00</Quantity>
      <bIsWeighted>0</bIsWeighted>
      <UnitOfMeasure>100 מ"ל</UnitOfMeasure>
      <QtyInPackage>0</QtyInPackage>
      <ItemPrice>28.90</ItemPrice>
      <UnitOfMeasurePrice>7.23</UnitOfMeasurePrice>
      <AllowDiscount>1</AllowDiscount>
      <ItemStatus>1</ItemStatus>
    </Item>
    <Item>
      <PriceUpdateDate>2020-01-20 00:14</PriceUpdateDate>
      <ItemCode>7290104961892</ItemCode>
      <ItemType>1</ItemType>
      <ItemName>מסכת קרטין נטורל 350 מ"ל</ItemName>
      <ManufacturerName>קוסמופארם בע'\'\מ</ManufacturerName>
      <ManufactureCountry>IL</ManufactureCountry>
      <ManufacturerItemDescription>מסכת קרטין</ManufacturerItemDescription>
      <UnitQty>מיליליטרים</UnitQty>
      <Quantity>350.00</Quantity>
      <bIsWeighted>0</bIsWeighted>
      <UnitOfMeasure>100 מ"ל</UnitOfMeasure>
      <QtyInPackage>0</QtyInPackage>
      <ItemPrice>37.90</ItemPrice>
      <UnitOfMeasurePrice>10.83</UnitOfMeasurePrice>
      <AllowDiscount>1</AllowDiscount>
      <ItemStatus>1</ItemStatus>
    </Item>
    <Item>
      <PriceUpdateDate>2020-01-20 00:14</PriceUpdateDate>
      <ItemCode>7290104961908</ItemCode>
      <ItemType>1</ItemType>
      <ItemName>סרום קרטין נטורל 145 מ"ל</ItemName>
      <ManufacturerName>קוסמופארם</ManufacturerName>
      <ManufactureCountry>IL</ManufactureCountry>
      <ManufacturerItemDescription>סרום קרטין</ManufacturerItemDescription>
      <UnitQty>מיליליטרים</UnitQty>
      <Quantity>145.00</Quantity>
      <bIsWeighted>0</bIsWeighted>
      <UnitOfMeasure>100 מ"ל</UnitOfMeasure>
      <QtyInPackage>0</QtyInPackage>
      <ItemPrice>47.90</ItemPrice>
      <UnitOfMeasurePrice>33.03</UnitOfMeasurePrice>
      <AllowDiscount>1</AllowDiscount>
      <ItemStatus>1</ItemStatus>
    </Item>
    <Item>
      <PriceUpdateDate>2020-03-22 11:54</PriceUpdateDate>
      <ItemCode>7290104961915</ItemCode>
      <ItemType>1</ItemType>
      <ItemName>BOLD מסקרה שחורה</ItemName>
      <ManufacturerName>קרליין</ManufacturerName>
      <ManufactureCountry>IL</ManufactureCountry>
      <ManufacturerItemDescription>BOLD מסקרה שחורה</ManufacturerItemDescription>
      <UnitQty>מיליליטרים</UnitQty>
      <Quantity>9.00</Quantity>
      <bIsWeighted>0</bIsWeighted>
      <UnitOfMeasure>100 מ"ל</UnitOfMeasure>
      <QtyInPackage>1</QtyInPackage>
      <ItemPrice>69.90</ItemPrice>
      <UnitOfMeasurePrice>776.67</UnitOfMeasurePrice>
      <AllowDiscount>1</AllowDiscount>
      <ItemStatus>1</ItemStatus>
    </Item>
    <Item>
      <PriceUpdateDate>2020-10-10 20:20</PriceUpdateDate>
      <ItemCode>7290104962080</ItemCode>
      <ItemType>1</ItemType>
      <ItemName>דאו.טיטניום</ItemName>
      <ManufacturerName />
      <ManufactureCountry>IL</ManufactureCountry>
      <ManufacturerItemDescription>דאו.טיטניום</ManufacturerItemDescription>
      <UnitQty>מיליליטרים</UnitQty>
      <Quantity>150.00</Quantity>
      <bIsWeighted>0</bIsWeighted>
      <UnitOfMeasure>100 מ"ל</UnitOfMeasure>
      <QtyInPackage>0</QtyInPackage>
      <ItemPrice>9.90</ItemPrice>
      <UnitOfMeasurePrice>6.60</UnitOfMeasurePrice>
      <AllowDiscount>1</AllowDiscount>
      <ItemStatus>1</ItemStatus>
    </Item>
    <Item>
      <PriceUpdateDate>2020-10-10 20:20</PriceUpdateDate>
      <ItemCode>7290104962110</ItemCode>
      <ItemType>1</ItemType>
      <ItemName>דאו.קרליין  לנערות200מ"ל</ItemName>
      <ManufacturerName>קרליין</ManufacturerName>
      <ManufactureCountry>IL</ManufactureCountry>
      <ManufacturerItemDescription>ספריי נושם</ManufacturerItemDescription>
      <UnitQty>מיליליטרים</UnitQty>
      <Quantity>200.00</Quantity>
      <bIsWeighted>0</bIsWeighted>
      <UnitOfMeasure>100 מ"ל</UnitOfMeasure>
      <QtyInPackage>0</QtyInPackage>
      <ItemPrice>11.90</ItemPrice>
      <UnitOfMeasurePrice>5.95</UnitOfMeasurePrice>
      <AllowDiscount>1</AllowDiscount>
      <ItemStatus>1</ItemStatus>
    </Item>
    <Item>
      <PriceUpdateDate>2020-02-02 12:55</PriceUpdateDate>
      <ItemCode>7290104962462</ItemCode>
      <ItemType>1</ItemType>
      <ItemName>טיטניום קוואנטום 100 מ"ל</ItemName>
      <ManufacturerName>קרליין</ManufacturerName>
      <ManufactureCountry>IL</ManufactureCountry>
      <ManufacturerItemDescription>טיטניום</ManufacturerItemDescription>
      <UnitQty>מיליליטרים</UnitQty>
      <Quantity>100.00</Quantity>
      <bIsWeighted>0</bIsWeighted>
      <UnitOfMeasure>100 מ"ל</UnitOfMeasure>
      <QtyInPackage>1</QtyInPackage>
      <ItemPrice>110.00</ItemPrice>
      <UnitOfMeasurePrice>110.00</UnitOfMeasurePrice>
      <AllowDiscount>1</AllowDiscount>
      <ItemStatus>1</ItemStatus>
    </Item>
    <Item>
      <PriceUpdateDate>2020-01-20 00:14</PriceUpdateDate>
      <ItemCode>7290104962509</ItemCode>
      <ItemType>1</ItemType>
      <ItemName>קרם קרטין נטורל 145 מ"ל</ItemName>
      <ManufacturerName>קרטין</ManufacturerName>
      <ManufactureCountry>IL</ManufactureCountry>
      <ManufacturerItemDescription>קרם קרטין</ManufacturerItemDescription>
      <UnitQty>מיליליטרים</UnitQty>
      <Quantity>145.00</Quantity>
      <bIsWeighted>0</bIsWeighted>
      <UnitOfMeasure>100 מ"ל</UnitOfMeasure>
      <QtyInPackage>0</QtyInPackage>
      <ItemPrice>37.90</ItemPrice>
      <UnitOfMeasurePrice>26.14</UnitOfMeasurePrice>
      <AllowDiscount>1</AllowDiscount>
      <ItemStatus>1</ItemStatus>
    </Item>
    <Item>
      <PriceUpdateDate>2020-10-10 20:20</PriceUpdateDate>
      <ItemCode>7290104962585</ItemCode>
      <ItemType>1</ItemType>
      <ItemName>דאו.קרליין אינביזל 75מ"ל</ItemName>
      <ManufacturerName>קרליין</ManufacturerName>
      <ManufactureCountry>IL</ManufactureCountry>
      <ManufacturerItemDescription>דאו.קרליין</ManufacturerItemDescription>
      <UnitQty>מיליליטרים</UnitQty>
      <Quantity>75.00</Quantity>
      <bIsWeighted>0</bIsWeighted>
      <UnitOfMeasure>100 מ"ל</UnitOfMeasure>
      <QtyInPackage>1</QtyInPackage>
      <ItemPrice>11.90</ItemPrice>
      <UnitOfMeasurePrice>15.86</UnitOfMeasurePrice>
      <AllowDiscount>1</AllowDiscount>
      <ItemStatus>1</ItemStatus>
    </Item>
    <Item>
      <PriceUpdateDate>2020-10-10 20:20</PriceUpdateDate>
      <ItemCode>7290104962660</ItemCode>
      <ItemType>1</ItemType>
      <ItemName>דאו.נושם ללא אלומיניו200</ItemName>
      <ManufacturerName>אמיליה קוסמטיקס בעמ</ManufacturerName>
      <ManufactureCountry>IL</ManufactureCountry>
      <ManufacturerItemDescription>ספריי נושם</ManufacturerItemDescription>
      <UnitQty>מיליליטרים</UnitQty>
      <Quantity>200.00</Quantity>
      <bIsWeighted>0</bIsWeighted>
      <UnitOfMeasure>100 מ"ל</UnitOfMeasure>
      <QtyInPackage>0</QtyInPackage>
      <ItemPrice>11.90</ItemPrice>
      <UnitOfMeasurePrice>5.95</UnitOfMeasurePrice>
      <AllowDiscount>1</AllowDiscount>
      <ItemStatus>1</ItemStatus>
    </Item>
    <Item>
      <PriceUpdateDate>2020-03-10 13:44</PriceUpdateDate>
      <ItemCode>7290104962707</ItemCode>
      <ItemType>1</ItemType>
      <ItemName>מגבונים להסרת איפור 25יח</ItemName>
      <ManufacturerName>קרליין</ManufacturerName>
      <ManufactureCountry>IL</ManufactureCountry>
      <ManufacturerItemDescription>מגבונים לפנים</ManufacturerItemDescription>
      <UnitQty>יחידה</UnitQty>
      <Quantity>1.00</Quantity>
      <bIsWeighted>0</bIsWeighted>
      <UnitOfMeasure>יחידה</UnitOfMeasure>
      <QtyInPackage>1</QtyInPackage>
      <ItemPrice>14.90</ItemPrice>
      <UnitOfMeasurePrice>14.90</UnitOfMeasurePrice>
      <AllowDiscount>1</AllowDiscount>
      <ItemStatus>1</ItemStatus>
    </Item>
    <Item>
      <PriceUpdateDate>2020-01-20 00:14</PriceUpdateDate>
      <ItemCode>7290104962844</ItemCode>
      <ItemType>1</ItemType>
      <ItemName>שמפו אמפולה נטורל 400מ"ל</ItemName>
      <ManufacturerName>קוסמופארם בע'\'\מ</ManufacturerName>
      <ManufactureCountry>IL</ManufactureCountry>
      <ManufacturerItemDescription>שמפו אמפולה</ManufacturerItemDescription>
      <UnitQty>מיליליטרים</UnitQty>
      <Quantity>400.00</Quantity>
      <bIsWeighted>0</bIsWeighted>
      <UnitOfMeasure>100 מ"ל</UnitOfMeasure>
      <QtyInPackage>1</QtyInPackage>
      <ItemPrice>27.90</ItemPrice>
      <UnitOfMeasurePrice>6.98</UnitOfMeasurePrice>
      <AllowDiscount>1</AllowDiscount>
      <ItemStatus>1</ItemStatus>
    </Item>
    <Item>
      <PriceUpdateDate>2020-01-20 00:14</PriceUpdateDate>
      <ItemCode>7290104962868</ItemCode>
      <ItemType>1</ItemType>
      <ItemName>מסכת אמפולה נטורל 350מ"ל</ItemName>
      <ManufacturerName>קוסמופארם בע'\'\מ</ManufacturerName>
      <ManufactureCountry>IL</ManufactureCountry>
      <ManufacturerItemDescription>מסכת אמפולה</ManufacturerItemDescription>
      <UnitQty>מיליליטרים</UnitQty>
      <Quantity>350.00</Quantity>
      <bIsWeighted>0</bIsWeighted>
      <UnitOfMeasure>100 מ"ל</UnitOfMeasure>
      <QtyInPackage>1</QtyInPackage>
      <ItemPrice>37.90</ItemPrice>
      <UnitOfMeasurePrice>10.83</UnitOfMeasurePrice>
      <AllowDiscount>1</AllowDiscount>
      <ItemStatus>1</ItemStatus>
    </Item>
    <Item>
      <PriceUpdateDate>2020-02-02 12:38</PriceUpdateDate>
      <ItemCode>7290104962882</ItemCode>
      <ItemType>1</ItemType>
      <ItemName>סבון פנים עם מברשת ניקוי</ItemName>
      <ManufacturerName>קרליין</ManufacturerName>
      <ManufactureCountry>IL</ManufactureCountry>
      <ManufacturerItemDescription>סבון פנים מקציף</ManufacturerItemDescription>
      <UnitQty>מיליליטרים</UnitQty>
      <Quantity>150.00</Quantity>
      <bIsWeighted>0</bIsWeighted>
      <UnitOfMeasure>100 מ"ל</UnitOfMeasure>
      <QtyInPackage>1</QtyInPackage>
      <ItemPrice>44.90</ItemPrice>
      <UnitOfMeasurePrice>29.93</UnitOfMeasurePrice>
      <AllowDiscount>1</AllowDiscount>
      <ItemStatus>1</ItemStatus>
    </Item>
    <Item>
      <PriceUpdateDate>2020-02-02 12:55</PriceUpdateDate>
      <ItemCode>7290104962967</ItemCode>
      <ItemType>1</ItemType>
      <ItemName>לק ג'ל קולור ניילס יח</ItemName>
      <ManufacturerName>קרליין</ManufacturerName>
      <ManufactureCountry>IL</ManufactureCountry>
      <ManufacturerItemDescription>לק ג'ל</ManufacturerItemDescription>
      <UnitQty>יחידה</UnitQty>
      <Quantity>1.00</Quantity>
      <bIsWeighted>0</bIsWeighted>
      <UnitOfMeasure>יחידה</UnitOfMeasure>
      <QtyInPackage>1</QtyInPackage>
      <ItemPrice>29.90</ItemPrice>
      <UnitOfMeasurePrice>29.90</UnitOfMeasurePrice>
      <AllowDiscount>1</AllowDiscount>
      <ItemStatus>1</ItemStatus>
    </Item>
    <Item>
      <PriceUpdateDate>2020-01-20 00:21</PriceUpdateDate>
      <ItemCode>7290104963001</ItemCode>
      <ItemType>1</ItemType>
      <ItemName>מגבונים סופטקר עדין72*4</ItemName>
      <ManufacturerName>טרופיקל דגיל</ManufacturerName>
      <ManufactureCountry>IL</ManufactureCountry>
      <ManufacturerItemDescription>מגבונים סופטקר</ManufacturerItemDescription>
      <UnitQty>יחידה</UnitQty>
      <Quantity>1.00</Quantity>
      <bIsWeighted>0</bIsWeighted>
      <UnitOfMeasure>יחידה</UnitOfMeasure>
      <QtyInPackage>1</QtyInPackage>
      <ItemPrice>18.90</ItemPrice>
      <UnitOfMeasurePrice>18.90</UnitOfMeasurePrice>
      <AllowDiscount>1</AllowDiscount>
      <ItemStatus>1</ItemStatus>
    </Item>
    <Item>
      <PriceUpdateDate>2020-03-22 11:54</PriceUpdateDate>
      <ItemCode>7290104963056</ItemCode>
      <ItemType>1</ItemType>
      <ItemName>מסקרה כחול בולד יח</ItemName>
      <ManufacturerName>קרליין</ManufacturerName>
      <ManufactureCountry>IL</ManufactureCountry>
      <ManufacturerItemDescription>מסקרה כחול</ManufacturerItemDescription>
      <UnitQty>יחידה</UnitQty>
      <Quantity>1.00</Quantity>
      <bIsWeighted>0</bIsWeighted>
      <UnitOfMeasure>יחידה</UnitOfMeasure>
      <QtyInPackage>1</QtyInPackage>
      <ItemPrice>69.90</ItemPrice>
      <UnitOfMeasurePrice>69.90</UnitOfMeasurePrice>
      <AllowDiscount>1</AllowDiscount>
      <ItemStatus>1</ItemStatus>
    </Item>
    <Item>
      <PriceUpdateDate>2020-03-22 11:54</PriceUpdateDate>
      <ItemCode>7290104963063</ItemCode>
      <ItemType>1</ItemType>
      <ItemName>מסקרה חום בולד יח</ItemName>
      <ManufacturerName>קרליין</ManufacturerName>
      <ManufactureCountry>IL</ManufactureCountry>
      <ManufacturerItemDescription>מסקרה חום</ManufacturerItemDescription>
      <UnitQty>יחידה</UnitQty>
      <Quantity>1.00</Quantity>
      <bIsWeighted>0</bIsWeighted>
      <UnitOfMeasure>יחידה</UnitOfMeasure>
      <QtyInPackage>1</QtyInPackage>
      <ItemPrice>69.90</ItemPrice>
      <UnitOfMeasurePrice>69.90</UnitOfMeasurePrice>
      <AllowDiscount>1</AllowDiscount>
      <ItemStatus>1</ItemStatus>
    </Item>
    <Item>
      <PriceUpdateDate>2020-01-20 00:21</PriceUpdateDate>
      <ItemCode>7290104963162</ItemCode>
      <ItemType>1</ItemType>
      <ItemName>סופטקר ק. גוף תינוקות500</ItemName>
      <ManufacturerName>קוסמופארם בע'\'\מ</ManufacturerName>
      <ManufactureCountry>IL</ManufactureCountry>
      <ManufacturerItemDescription>סופטקר קרם גוף</ManufacturerItemDescription>
      <UnitQty>מיליליטרים</UnitQty>
      <Quantity>500.00</Quantity>
      <bIsWeighted>0</bIsWeighted>
      <UnitOfMeasure>100 מ"ל</UnitOfMeasure>
      <QtyInPackage>1</QtyInPackage>
      <ItemPrice>23.90</ItemPrice>
      <UnitOfMeasurePrice>4.78</UnitOfMeasurePrice>
      <AllowDiscount>1</AllowDiscount>
      <ItemStatus>1</ItemStatus>
    </Item>
    <Item>
      <PriceUpdateDate>2020-01-20 00:21</PriceUpdateDate>
      <ItemCode>7290104963186</ItemCode>
      <ItemType>1</ItemType>
      <ItemName>סופטקר שמפו  משאבה500מ</ItemName>
      <ManufacturerName>קוסמופארם בע'\'\מ</ManufacturerName>
      <ManufactureCountry>IL</ManufactureCountry>
      <ManufacturerItemDescription>סופטקר שמפו</ManufacturerItemDescription>
      <UnitQty>מיליליטרים</UnitQty>
      <Quantity>500.00</Quantity>
      <bIsWeighted>0</bIsWeighted>
      <UnitOfMeasure>100 מ"ל</UnitOfMeasure>
      <QtyInPackage>1</QtyInPackage>
      <ItemPrice>18.90</ItemPrice>
      <UnitOfMeasurePrice>3.78</UnitOfMeasurePrice>
      <AllowDiscount>1</AllowDiscount>
      <ItemStatus>1</ItemStatus>
    </Item>
    <Item>
      <PriceUpdateDate>2020-10-10 20:20</PriceUpdateDate>
      <ItemCode>7290104963216</ItemCode>
      <ItemType>1</ItemType>
      <ItemName>סופטקר אל סבון עדין 1 ל'</ItemName>
      <ManufacturerName>קוסמופארם בע'\'\מ</ManufacturerName>
      <ManufactureCountry>IL</ManufactureCountry>
      <ManufacturerItemDescription>סופטקר אל סבון</ManufacturerItemDescription>
      <UnitQty>ליטרים</UnitQty>
      <Quantity>1.00</Quantity>
      <bIsWeighted>0</bIsWeighted>
      <UnitOfMeasure>ליטר</UnitOfMeasure>
      <QtyInPackage>1</QtyInPackage>
      <ItemPrice>15.90</ItemPrice>
      <UnitOfMeasurePrice>15.90</UnitOfMeasurePrice>
      <AllowDiscount>1</AllowDiscount>
      <ItemStatus>1</ItemStatus>
    </Item>
    <Item>
      <PriceUpdateDate>2020-10-10 20:20</PriceUpdateDate>
      <ItemCode>7290104963223</ItemCode>
      <ItemType>1</ItemType>
      <ItemName>סופטקר אל סבון קלאסי 1 ל</ItemName>
      <ManufacturerName>קוסמופארם בע'\'\מ</ManufacturerName>
      <ManufactureCountry>IL</ManufactureCountry>
      <ManufacturerItemDescription>סופטקר אל סבון</ManufacturerItemDescription>
      <UnitQty>ליטרים</UnitQty>
      <Quantity>1.00</Quantity>
      <bIsWeighted>0</bIsWeighted>
      <UnitOfMeasure>ליטר</UnitOfMeasure>
      <QtyInPackage>1</QtyInPackage>
      <ItemPrice>15.90</ItemPrice>
      <UnitOfMeasurePrice>15.90</UnitOfMeasurePrice>
      <AllowDiscount>1</AllowDiscount>
      <ItemStatus>1</ItemStatus>
    </Item>
    <Item>
      <PriceUpdateDate>2020-02-02 12:55</PriceUpdateDate>
      <ItemCode>7290104963421</ItemCode>
      <ItemType>1</ItemType>
      <ItemName>לק קולור 403</ItemName>
      <ManufacturerName>קרליין</ManufacturerName>
      <ManufactureCountry>IL</ManufactureCountry>
      <ManufacturerItemDescription>לק קולור</ManufacturerItemDescription>
      <UnitQty>יחידה</UnitQty>
      <Quantity>1.00</Quantity>
      <bIsWeighted>0</bIsWeighted>
      <UnitOfMeasure>יחידה</UnitOfMeasure>
      <QtyInPackage>1</QtyInPackage>
      <ItemPrice>14.90</ItemPrice>
      <UnitOfMeasurePrice>14.90</UnitOfMeasurePrice>
      <AllowDiscount>1</AllowDiscount>
      <ItemStatus>1</ItemStatus>
    </Item>
    <Item>
      <PriceUpdateDate>2020-02-21 08:25</PriceUpdateDate>
      <ItemCode>7290104963599</ItemCode>
      <ItemType>1</ItemType>
      <ItemName>צלליות חום חם 8 יח</ItemName>
      <ManufacturerName>קרליין</ManufacturerName>
      <ManufactureCountry>IL</ManufactureCountry>
      <ManufacturerItemDescription>צלליות חום חם</ManufacturerItemDescription>
      <UnitQty>יחידה</UnitQty>
      <Quantity>1.00</Quantity>
      <bIsWeighted>0</bIsWeighted>
      <UnitOfMeasure>יחידה</UnitOfMeasure>
      <QtyInPackage>1</QtyInPackage>
      <ItemPrice>50.90</ItemPrice>
      <UnitOfMeasurePrice>50.90</UnitOfMeasurePrice>
      <AllowDiscount>1</AllowDiscount>
      <ItemStatus>1</ItemStatus>
    </Item>
    <Item>
      <PriceUpdateDate>2020-01-20 00:14</PriceUpdateDate>
      <ItemCode>7290104963629</ItemCode>
      <ItemType>1</ItemType>
      <ItemName>פיק מי אפ פלטה יח'</ItemName>
      <ManufacturerName>כללי</ManufacturerName>
      <ManufactureCountry>IL</ManufactureCountry>
      <ManufacturerItemDescription>פיק מי אפ פלטה</ManufacturerItemDescription>
      <UnitQty>יחידה</UnitQty>
      <Quantity>1.00</Quantity>
      <bIsWeighted>0</bIsWeighted>
      <UnitOfMeasure>יחידה</UnitOfMeasure>
      <QtyInPackage>1</QtyInPackage>
      <ItemPrice>39.90</ItemPrice>
      <UnitOfMeasurePrice>39.90</UnitOfMeasurePrice>
      <AllowDiscount>1</AllowDiscount>
      <ItemStatus>1</ItemStatus>
    </Item>
    <Item>
      <PriceUpdateDate>2020-10-10 20:20</PriceUpdateDate>
      <ItemCode>7290104963650</ItemCode>
      <ItemType>1</ItemType>
      <ItemName>סופטקר שמפו צהוב 1ליטר</ItemName>
      <ManufacturerName>קוסמופארם בע'\'\מ</ManufacturerName>
      <ManufactureCountry>IL</ManufactureCountry>
      <ManufacturerItemDescription>סופטקר שמפו</ManufacturerItemDescription>
      <UnitQty>ליטרים</UnitQty>
      <Quantity>1.00</Quantity>
      <bIsWeighted>0</bIsWeighted>
      <UnitOfMeasure>ליטר</UnitOfMeasure>
      <QtyInPackage>1</QtyInPackage>
      <ItemPrice>15.90</ItemPrice>
      <UnitOfMeasurePrice>15.90</UnitOfMeasurePrice>
      <AllowDiscount>1</AllowDiscount>
      <ItemStatus>1</ItemStatus>
    </Item>
    <Item>
      <PriceUpdateDate>2020-02-02 12:55</PriceUpdateDate>
      <ItemCode>7290104963902</ItemCode>
      <ItemType>1</ItemType>
      <ItemName>URBAN קרם יום 50 מ"ל</ItemName>
      <ManufacturerName>פאר פארם בעמ</ManufacturerName>
      <ManufactureCountry>IL</ManufactureCountry>
      <ManufacturerItemDescription>URBAN קרם יום</ManufacturerItemDescription>
      <UnitQty>מיליליטרים</UnitQty>
      <Quantity>50.00</Quantity>
      <bIsWeighted>0</bIsWeighted>
      <UnitOfMeasure>100 מ"ל</UnitOfMeasure>
      <QtyInPackage>1</QtyInPackage>
      <ItemPrice>89.90</ItemPrice>
      <UnitOfMeasurePrice>179.80</UnitOfMeasurePrice>
      <AllowDiscount>1</AllowDiscount>
      <ItemStatus>1</ItemStatus>
    </Item>
    <Item>
      <PriceUpdateDate>2020-03-10 13:44</PriceUpdateDate>
      <ItemCode>7290104963940</ItemCode>
      <ItemType>1</ItemType>
      <ItemName>25מגבוני פחם להסרת איפור</ItemName>
      <ManufacturerName>קרליין</ManufacturerName>
      <ManufactureCountry>IL</ManufactureCountry>
      <ManufacturerItemDescription>מגבונים מסיר איפ</ManufacturerItemDescription>
      <UnitQty>יחידה</UnitQty>
      <Quantity>1.00</Quantity>
      <bIsWeighted>0</bIsWeighted>
      <UnitOfMeasure>יחידה</UnitOfMeasure>
      <QtyInPackage>1</QtyInPackage>
      <ItemPrice>14.90</ItemPrice>
      <UnitOfMeasurePrice>14.90</UnitOfMeasurePrice>
      <AllowDiscount>1</AllowDiscount>
      <ItemStatus>1</ItemStatus>
    </Item>
    <Item>
      <PriceUpdateDate>2020-02-02 12:38</PriceUpdateDate>
      <ItemCode>7290104964053</ItemCode>
      <ItemType>1</ItemType>
      <ItemName>ג'ל לפנים מקציף+מברשת150</ItemName>
      <ManufacturerName>קרליין</ManufacturerName>
      <ManufactureCountry>IL</ManufactureCountry>
      <ManufacturerItemDescription>ג'ל פנים מקציף</ManufacturerItemDescription>
      <UnitQty>מיליליטרים</UnitQty>
      <Quantity>150.00</Quantity>
      <bIsWeighted>0</bIsWeighted>
      <UnitOfMeasure>100 מ"ל</UnitOfMeasure>
      <QtyInPackage>1</QtyInPackage>
      <ItemPrice>44.90</ItemPrice>
      <UnitOfMeasurePrice>29.93</UnitOfMeasurePrice>
      <AllowDiscount>1</AllowDiscount>
      <ItemStatus>1</ItemStatus>
    </Item>
    <Item>
      <PriceUpdateDate>2020-02-02 12:38</PriceUpdateDate>
      <ItemCode>7290104964084</ItemCode>
      <ItemType>1</ItemType>
      <ItemName>EFFECT MULTI קרם יום</ItemName>
      <ManufacturerName>זוהר קוסמטיקה</ManufacturerName>
      <ManufactureCountry>IL</ManufactureCountry>
      <ManufacturerItemDescription>EFFECT MULTI קרם</ManufacturerItemDescription>
      <UnitQty>מיליליטרים</UnitQty>
      <Quantity>50.00</Quantity>
      <bIsWeighted>0</bIsWeighted>
      <UnitOfMeasure>100 מ"ל</UnitOfMeasure>
      <QtyInPackage>1</QtyInPackage>
      <ItemPrice>44.90</ItemPrice>
      <UnitOfMeasurePrice>89.80</UnitOfMeasurePrice>
      <AllowDiscount>1</AllowDiscount>
      <ItemStatus>1</ItemStatus>
    </Item>
    <Item>
      <PriceUpdateDate>2020-02-02 12:38</PriceUpdateDate>
      <ItemCode>7290104964091</ItemCode>
      <ItemType>1</ItemType>
      <ItemName>ק.לילה PF25מולטי אפקט50</ItemName>
      <ManufacturerName>זוהר קוסמטיקה</ManufacturerName>
      <ManufactureCountry>IL</ManufactureCountry>
      <ManufacturerItemDescription>קרם לילה</ManufacturerItemDescription>
      <UnitQty>מיליליטרים</UnitQty>
      <Quantity>50.00</Quantity>
      <bIsWeighted>0</bIsWeighted>
      <UnitOfMeasure>100 מ"ל</UnitOfMeasure>
      <QtyInPackage>1</QtyInPackage>
      <ItemPrice>44.90</ItemPrice>
      <UnitOfMeasurePrice>89.80</UnitOfMeasurePrice>
      <AllowDiscount>1</AllowDiscount>
      <ItemStatus>1</ItemStatus>
    </Item>
    <Item>
      <PriceUpdateDate>2020-01-20 00:13</PriceUpdateDate>
      <ItemCode>7290104964152</ItemCode>
      <ItemType>1</ItemType>
      <ItemName>טיטניום אוורסט ג.אדט100</ItemName>
      <ManufacturerName>קרליין בישום כל</ManufacturerName>
      <ManufactureCountry>IL</ManufactureCountry>
      <ManufacturerItemDescription>טיטניום אוורסט ג</ManufacturerItemDescription>
      <UnitQty>מיליליטרים</UnitQty>
      <Quantity>100.00</Quantity>
      <bIsWeighted>0</bIsWeighted>
      <UnitOfMeasure>100 מ"ל</UnitOfMeasure>
      <QtyInPackage>0</QtyInPackage>
      <ItemPrice>110.00</ItemPrice>
      <UnitOfMeasurePrice>110.00</UnitOfMeasurePrice>
      <AllowDiscount>1</AllowDiscount>
      <ItemStatus>1</ItemStatus>
    </Item>
    <Item>
      <PriceUpdateDate>2020-02-02 12:38</PriceUpdateDate>
      <ItemCode>7290104964220</ItemCode>
      <ItemType>1</ItemType>
      <ItemName>ג'ל מרענן לניקוי פנים300</ItemName>
      <ManufacturerName>אמיליה קוסמטיקס</ManufacturerName>
      <ManufactureCountry>IL</ManufactureCountry>
      <ManufacturerItemDescription>ג'ל לניקוי פנים</ManufacturerItemDescription>
      <UnitQty>מיליליטרים</UnitQty>
      <Quantity>300.00</Quantity>
      <bIsWeighted>0</bIsWeighted>
      <UnitOfMeasure>100 מ"ל</UnitOfMeasure>
      <QtyInPackage>1</QtyInPackage>
      <ItemPrice>39.90</ItemPrice>
      <UnitOfMeasurePrice>13.30</UnitOfMeasurePrice>
      <AllowDiscount>1</AllowDiscount>
      <ItemStatus>1</ItemStatus>
    </Item>
    <Item>
      <PriceUpdateDate>2020-02-02 12:38</PriceUpdateDate>
      <ItemCode>7290104964251</ItemCode>
      <ItemType>1</ItemType>
      <ItemName>תרחיץ פנים פ.משולשת150מל</ItemName>
      <ManufacturerName>אמיליה קוסמטיקס</ManufacturerName>
      <ManufactureCountry>IL</ManufactureCountry>
      <ManufacturerItemDescription>תרחיץ פנים</ManufacturerItemDescription>
      <UnitQty>מיליליטרים</UnitQty>
      <Quantity>150.00</Quantity>
      <bIsWeighted>0</bIsWeighted>
      <UnitOfMeasure>100 מ"ל</UnitOfMeasure>
      <QtyInPackage>1</QtyInPackage>
      <ItemPrice>34.90</ItemPrice>
      <UnitOfMeasurePrice>23.27</UnitOfMeasurePrice>
      <AllowDiscount>1</AllowDiscount>
      <ItemStatus>1</ItemStatus>
    </Item>
    <Item>
      <PriceUpdateDate>2020-01-20 00:13</PriceUpdateDate>
      <ItemCode>7290104964565</ItemCode>
      <ItemType>1</ItemType>
      <ItemName>מסכה מתקלפת שחורה 150מ</ItemName>
      <ManufacturerName>פאר פארם בעמ</ManufacturerName>
      <ManufactureCountry>IL</ManufactureCountry>
      <ManufacturerItemDescription>מסכה מתקלפת שחור</ManufacturerItemDescription>
      <UnitQty>מיליליטרים</UnitQty>
      <Quantity>150.00</Quantity>
      <bIsWeighted>0</bIsWeighted>
      <UnitOfMeasure>100 מ"ל</UnitOfMeasure>
      <QtyInPackage>1</QtyInPackage>
      <ItemPrice>49.90</ItemPrice>
      <UnitOfMeasurePrice>33.27</UnitOfMeasurePrice>
      <AllowDiscount>1</AllowDiscount>
      <ItemStatus>1</ItemStatus>
    </Item>
    <Item>
      <PriceUpdateDate>2020-03-22 11:54</PriceUpdateDate>
      <ItemCode>7290104964824</ItemCode>
      <ItemType>1</ItemType>
      <ItemName>המפ שמן לפנים יח'</ItemName>
      <ManufacturerName>כללי</ManufacturerName>
      <ManufactureCountry>IL</ManufactureCountry>
      <ManufacturerItemDescription>המפ שמן לפנים</ManufacturerItemDescription>
      <UnitQty>יחידה</UnitQty>
      <Quantity>1.00</Quantity>
      <bIsWeighted>0</bIsWeighted>
      <UnitOfMeasure>יחידה</UnitOfMeasure>
      <QtyInPackage>1</QtyInPackage>
      <ItemPrice>79.90</ItemPrice>
      <UnitOfMeasurePrice>79.90</UnitOfMeasurePrice>
      <AllowDiscount>1</AllowDiscount>
      <ItemStatus>1</ItemStatus>
    </Item>
    <Item>
      <PriceUpdateDate>2020-01-20 00:09</PriceUpdateDate>
      <ItemCode>7290105361707</ItemCode>
      <ItemType>1</ItemType>
      <ItemName>כיף כף לבן 45 גרם</ItemName>
      <ManufacturerName>עלית</ManufacturerName>
      <ManufactureCountry>IL</ManufactureCountry>
      <ManufacturerItemDescription>כיף כף לבן</ManufacturerItemDescription>
      <UnitQty>גרמים</UnitQty>
      <Quantity>45.00</Quantity>
      <bIsWeighted>0</bIsWeighted>
      <UnitOfMeasure>100 גרם</UnitOfMeasure>
      <QtyInPackage>0</QtyInPackage>
      <ItemPrice>4.90</ItemPrice>
      <UnitOfMeasurePrice>10.89</UnitOfMeasurePrice>
      <AllowDiscount>1</AllowDiscount>
      <ItemStatus>1</ItemStatus>
    </Item>
    <Item>
      <PriceUpdateDate>2020-01-20 00:09</PriceUpdateDate>
      <ItemCode>7290105362377</ItemCode>
      <ItemType>1</ItemType>
      <ItemName>כיף כף מגדים 45 גרם</ItemName>
      <ManufacturerName>עלית</ManufacturerName>
      <ManufactureCountry>IL</ManufactureCountry>
      <ManufacturerItemDescription>כיף כף מגדים 45ג</ManufacturerItemDescription>
      <UnitQty>גרמים</UnitQty>
      <Quantity>45.00</Quantity>
      <bIsWeighted>0</bIsWeighted>
      <UnitOfMeasure>100 גרם</UnitOfMeasure>
      <QtyInPackage>0</QtyInPackage>
      <ItemPrice>4.90</ItemPrice>
      <UnitOfMeasurePrice>10.89</UnitOfMeasurePrice>
      <AllowDiscount>1</AllowDiscount>
      <ItemStatus>1</ItemStatus>
    </Item>
    <Item>
      <PriceUpdateDate>2020-10-10 20:20</PriceUpdateDate>
      <ItemCode>7290105430441</ItemCode>
      <ItemType>1</ItemType>
      <ItemName>סב.פלמוליב סחלב שחור750מ</ItemName>
      <ManufacturerName>קולגייט פלמוליב</ManufacturerName>
      <ManufactureCountry>TR</ManufactureCountry>
      <ManufacturerItemDescription>סבון פלמוליב</ManufacturerItemDescription>
      <UnitQty>מיליליטרים</UnitQty>
      <Quantity>750.00</Quantity>
      <bIsWeighted>0</bIsWeighted>
      <UnitOfMeasure>100 מ"ל</UnitOfMeasure>
      <QtyInPackage>0</QtyInPackage>
      <ItemPrice>15.90</ItemPrice>
      <UnitOfMeasurePrice>2.12</UnitOfMeasurePrice>
      <AllowDiscount>1</AllowDiscount>
      <ItemStatus>1</ItemStatus>
    </Item>
    <Item>
      <PriceUpdateDate>2020-10-10 20:20</PriceUpdateDate>
      <ItemCode>7290105430458</ItemCode>
      <ItemType>1</ItemType>
      <ItemName>סבון פלמוליב שקדים 750 מ</ItemName>
      <ManufacturerName>קולגייט פלמוליב</ManufacturerName>
      <ManufactureCountry>TR</ManufactureCountry>
      <ManufacturerItemDescription>סבון פלמוליב</ManufacturerItemDescription>
      <UnitQty>מיליליטרים</UnitQty>
      <Quantity>750.00</Quantity>
      <bIsWeighted>0</bIsWeighted>
      <UnitOfMeasure>100 מ"ל</UnitOfMeasure>
      <QtyInPackage>0</QtyInPackage>
      <ItemPrice>15.90</ItemPrice>
      <UnitOfMeasurePrice>2.12</UnitOfMeasurePrice>
      <AllowDiscount>1</AllowDiscount>
      <ItemStatus>1</ItemStatus>
    </Item>
    <Item>
      <PriceUpdateDate>2020-10-10 21:00</PriceUpdateDate>
      <ItemCode>7290105430489</ItemCode>
      <ItemType>1</ItemType>
      <ItemName>ליידי ס.ס סטיין גארד 50מ</ItemName>
      <ManufacturerName>קולגייט פלמוליב</ManufacturerName>
      <ManufactureCountry>IT</ManufactureCountry>
      <ManufacturerItemDescription>ליידי ספיד סטיק</ManufacturerItemDescription>
      <UnitQty>מיליליטרים</UnitQty>
      <Quantity>50.00</Quantity>
      <bIsWeighted>0</bIsWeighted>
      <UnitOfMeasure>100 מ"ל</UnitOfMeasure>
      <QtyInPackage>0</QtyInPackage>
      <ItemPrice>14.90</ItemPrice>
      <UnitOfMeasurePrice>29.80</UnitOfMeasurePrice>
      <AllowDiscount>1</AllowDiscount>
      <ItemStatus>1</ItemStatus>
    </Item>
    <Item>
      <PriceUpdateDate>2020-10-10 21:00</PriceUpdateDate>
      <ItemCode>7290105434050</ItemCode>
      <ItemType>1</ItemType>
      <ItemName>דאו. ספיד סטיק</ItemName>
      <ManufacturerName>קולגייט פלמוליב</ManufacturerName>
      <ManufactureCountry>US</ManufactureCountry>
      <ManufacturerItemDescription>דאו. ספיד סטיק</ManufacturerItemDescription>
      <UnitQty>יחידה</UnitQty>
      <Quantity>1.00</Quantity>
      <bIsWeighted>0</bIsWeighted>
      <UnitOfMeasure>יחידה</UnitOfMeasure>
      <QtyInPackage>0</QtyInPackage>
      <ItemPrice>19.90</ItemPrice>
      <UnitOfMeasurePrice>19.90</UnitOfMeasurePrice>
      <AllowDiscount>1</AllowDiscount>
      <ItemStatus>1</ItemStatus>
    </Item>
    <Item>
      <PriceUpdateDate>2020-05-06 16:13</PriceUpdateDate>
      <ItemCode>7290105691248</ItemCode>
      <ItemType>1</ItemType>
      <ItemName>קריספי טורטיה תירס 60 גר</ItemName>
      <ManufacturerName>פרח תעשיות מזון בע"מ.</ManufacturerName>
      <ManufactureCountry>IL</ManufactureCountry>
      <ManufacturerItemDescription>קריספי טורטיה</ManufacturerItemDescription>
      <UnitQty>גרמים</UnitQty>
      <Quantity>60.00</Quantity>
      <bIsWeighted>0</bIsWeighted>
      <UnitOfMeasure>100 גרם</UnitOfMeasure>
      <QtyInPackage>0</QtyInPackage>
      <ItemPrice>10.90</ItemPrice>
      <UnitOfMeasurePrice>18.17</UnitOfMeasurePrice>
      <AllowDiscount>1</AllowDiscount>
      <ItemStatus>1</ItemStatus>
    </Item>
    <Item>
      <PriceUpdateDate>2020-06-12 05:41</PriceUpdateDate>
      <ItemCode>7290106269699</ItemCode>
      <ItemType>1</ItemType>
      <ItemName>מי פנים מועשר בתה ירוק 2</ItemName>
      <ManufacturerName>כללי</ManufacturerName>
      <ManufactureCountry>IL</ManufactureCountry>
      <ManufacturerItemDescription>מי פנים מועשר ב</ManufacturerItemDescription>
      <UnitQty>מיליליטרים</UnitQty>
      <Quantity>250.00</Quantity>
      <bIsWeighted>0</bIsWeighted>
      <UnitOfMeasure>100 מ"ל</UnitOfMeasure>
      <QtyInPackage>1</QtyInPackage>
      <ItemPrice>17.90</ItemPrice>
      <UnitOfMeasurePrice>7.16</UnitOfMeasurePrice>
      <AllowDiscount>1</AllowDiscount>
      <ItemStatus>1</ItemStatus>
    </Item>
    <Item>
      <PriceUpdateDate>2020-06-12 05:41</PriceUpdateDate>
      <ItemCode>7290106269743</ItemCode>
      <ItemType>1</ItemType>
      <ItemName>סבון עדין לפנים 250 מ"ל</ItemName>
      <ManufacturerName>כללי</ManufacturerName>
      <ManufactureCountry>IL</ManufactureCountry>
      <ManufacturerItemDescription>סבון עדין לפנים</ManufacturerItemDescription>
      <UnitQty>מיליליטרים</UnitQty>
      <Quantity>250.00</Quantity>
      <bIsWeighted>0</bIsWeighted>
      <UnitOfMeasure>100 מ"ל</UnitOfMeasure>
      <QtyInPackage>1</QtyInPackage>
      <ItemPrice>17.90</ItemPrice>
      <UnitOfMeasurePrice>7.16</UnitOfMeasurePrice>
      <AllowDiscount>1</AllowDiscount>
      <ItemStatus>1</ItemStatus>
    </Item>
    <Item>
      <PriceUpdateDate>2020-02-21 08:25</PriceUpdateDate>
      <ItemCode>7290106290761</ItemCode>
      <ItemType>1</ItemType>
      <ItemName>עפרון שפתיים עמיד90 יח'</ItemName>
      <ManufacturerName>גייד</ManufacturerName>
      <ManufactureCountry>IL</ManufactureCountry>
      <ManufacturerItemDescription>עפרון שפתיים 90</ManufacturerItemDescription>
      <UnitQty>יחידה</UnitQty>
      <Quantity>1.00</Quantity>
      <bIsWeighted>0</bIsWeighted>
      <UnitOfMeasure>יחידה</UnitOfMeasure>
      <QtyInPackage>0</QtyInPackage>
      <ItemPrice>39.90</ItemPrice>
      <UnitOfMeasurePrice>39.90</UnitOfMeasurePrice>
      <AllowDiscount>1</AllowDiscount>
      <ItemStatus>1</ItemStatus>
    </Item>
    <Item>
      <PriceUpdateDate>2020-02-21 08:25</PriceUpdateDate>
      <ItemCode>7290106291805</ItemCode>
      <ItemType>1</ItemType>
      <ItemName>פודרה אידיליק מינרלית101</ItemName>
      <ManufacturerName>גייד</ManufacturerName>
      <ManufactureCountry>IL</ManufactureCountry>
      <ManufacturerItemDescription>פודרה אידיליק מי</ManufacturerItemDescription>
      <UnitQty>יחידה</UnitQty>
      <Quantity>1.00</Quantity>
      <bIsWeighted>0</bIsWeighted>
      <UnitOfMeasure>יחידה</UnitOfMeasure>
      <QtyInPackage>0</QtyInPackage>
      <ItemPrice>92.90</ItemPrice>
      <UnitOfMeasurePrice>92.90</UnitOfMeasurePrice>
      <AllowDiscount>1</AllowDiscount>
      <ItemStatus>1</ItemStatus>
    </Item>
    <Item>
      <PriceUpdateDate>2020-02-21 08:25</PriceUpdateDate>
      <ItemCode>7290106292116</ItemCode>
      <ItemType>1</ItemType>
      <ItemName>סומק ללא מראה איידיליק35</ItemName>
      <ManufacturerName>גייד</ManufacturerName>
      <ManufactureCountry>IL</ManufactureCountry>
      <ManufacturerItemDescription>סומק ללא מראה 35</ManufacturerItemDescription>
      <UnitQty>יחידה</UnitQty>
      <Quantity>1.00</Quantity>
      <bIsWeighted>0</bIsWeighted>
      <UnitOfMeasure>יחידה</UnitOfMeasure>
      <QtyInPackage>0</QtyInPackage>
      <ItemPrice>61.90</ItemPrice>
      <UnitOfMeasurePrice>61.90</UnitOfMeasurePrice>
      <AllowDiscount>1</AllowDiscount>
      <ItemStatus>1</ItemStatus>
    </Item>
    <Item>
      <PriceUpdateDate>2020-02-21 08:25</PriceUpdateDate>
      <ItemCode>7290106292789</ItemCode>
      <ItemType>1</ItemType>
      <ItemName>לק קריסטל 827 יח'</ItemName>
      <ManufacturerName>גייד</ManufacturerName>
      <ManufactureCountry>IL</ManufactureCountry>
      <ManufacturerItemDescription>לק קריסטל 827</ManufacturerItemDescription>
      <UnitQty>יחידה</UnitQty>
      <Quantity>1.00</Quantity>
      <bIsWeighted>0</bIsWeighted>
      <UnitOfMeasure>יחידה</UnitOfMeasure>
      <QtyInPackage>0</QtyInPackage>
      <ItemPrice>23.90</ItemPrice>
      <UnitOfMeasurePrice>23.90</UnitOfMeasurePrice>
      <AllowDiscount>1</AllowDiscount>
      <ItemStatus>1</ItemStatus>
    </Item>
    <Item>
      <PriceUpdateDate>2020-02-21 08:25</PriceUpdateDate>
      <ItemCode>7290106293762</ItemCode>
      <ItemType>1</ItemType>
      <ItemName>עפרון גבות+מברשת 20</ItemName>
      <ManufacturerName>גייד</ManufacturerName>
      <ManufactureCountry>IL</ManufactureCountry>
      <ManufacturerItemDescription>עפרון גבות+מברשת</ManufacturerItemDescription>
      <UnitQty>יחידה</UnitQty>
      <Quantity>1.00</Quantity>
      <bIsWeighted>0</bIsWeighted>
      <UnitOfMeasure>יחידה</UnitOfMeasure>
      <QtyInPackage>0</QtyInPackage>
      <ItemPrice>50.90</ItemPrice>
      <UnitOfMeasurePrice>50.90</UnitOfMeasurePrice>
      <AllowDiscount>1</AllowDiscount>
      <ItemStatus>1</ItemStatus>
    </Item>
    <Item>
      <PriceUpdateDate>2020-02-21 08:25</PriceUpdateDate>
      <ItemCode>7290106293779</ItemCode>
      <ItemType>1</ItemType>
      <ItemName>עפרון גבות+מברשת 40</ItemName>
      <ManufacturerName>גייד</ManufacturerName>
      <ManufactureCountry>IL</ManufactureCountry>
      <ManufacturerItemDescription>עפרון גבות+מברשת</ManufacturerItemDescription>
      <UnitQty>יחידה</UnitQty>
      <Quantity>1.00</Quantity>
      <bIsWeighted>0</bIsWeighted>
      <UnitOfMeasure>יחידה</UnitOfMeasure>
      <QtyInPackage>0</QtyInPackage>
      <ItemPrice>50.90</ItemPrice>
      <UnitOfMeasurePrice>50.90</UnitOfMeasurePrice>
      <AllowDiscount>1</AllowDiscount>
      <ItemStatus>1</ItemStatus>
    </Item>
    <Item>
      <PriceUpdateDate>2020-10-10 21:00</PriceUpdateDate>
      <ItemCode>7290106294011</ItemCode>
      <ItemType>1</ItemType>
      <ItemName>ROSES ICON א.ד.ט לאשה</ItemName>
      <ManufacturerName>גייד בישום</ManufacturerName>
      <ManufactureCountry>IL</ManufactureCountry>
      <ManufacturerItemDescription>ROSES ICON לאשה</ManufacturerItemDescription>
      <UnitQty>מיליליטרים</UnitQty>
      <Quantity>50.00</Quantity>
      <bIsWeighted>0</bIsWeighted>
      <UnitOfMeasure>100 מ"ל</UnitOfMeasure>
      <QtyInPackage>0</QtyInPackage>
      <ItemPrice>99.00</ItemPrice>
      <UnitOfMeasurePrice>198.00</UnitOfMeasurePrice>
      <AllowDiscount>1</AllowDiscount>
      <ItemStatus>1</ItemStatus>
    </Item>
    <Item>
      <PriceUpdateDate>2020-01-20 00:14</PriceUpdateDate>
      <ItemCode>7290106295025</ItemCode>
      <ItemType>1</ItemType>
      <ItemName>קרם ידיים אייקון ונילה</ItemName>
      <ManufacturerName>גייד בישום</ManufacturerName>
      <ManufactureCountry>IL</ManufactureCountry>
      <ManufacturerItemDescription>קרם ידיים אייקון</ManufacturerItemDescription>
      <UnitQty>מיליליטרים</UnitQty>
      <Quantity>100.00</Quantity>
      <bIsWeighted>0</bIsWeighted>
      <UnitOfMeasure>100 מ"ל</UnitOfMeasure>
      <QtyInPackage>0</QtyInPackage>
      <ItemPrice>28.90</ItemPrice>
      <UnitOfMeasurePrice>28.90</UnitOfMeasurePrice>
      <AllowDiscount>1</AllowDiscount>
      <ItemStatus>1</ItemStatus>
    </Item>
    <Item>
      <PriceUpdateDate>2020-01-20 00:13</PriceUpdateDate>
      <ItemCode>7290106295759</ItemCode>
      <ItemType>1</ItemType>
      <ItemName>ג'ל טיפול נקודתי 15 מ"ל</ItemName>
      <ManufacturerName>גייד</ManufacturerName>
      <ManufactureCountry>IL</ManufactureCountry>
      <ManufacturerItemDescription>ג'ל טיפול נקודתי</ManufacturerItemDescription>
      <UnitQty>מיליליטרים</UnitQty>
      <Quantity>15.00</Quantity>
      <bIsWeighted>0</bIsWeighted>
      <UnitOfMeasure>100 מ"ל</UnitOfMeasure>
      <QtyInPackage>0</QtyInPackage>
      <ItemPrice>38.90</ItemPrice>
      <UnitOfMeasurePrice>259.33</UnitOfMeasurePrice>
      <AllowDiscount>1</AllowDiscount>
      <ItemStatus>1</ItemStatus>
    </Item>
    <Item>
      <PriceUpdateDate>2020-02-21 08:25</PriceUpdateDate>
      <ItemCode>7290106295841</ItemCode>
      <ItemType>1</ItemType>
      <ItemName>HD IDYLLIC מסקרה שחורה</ItemName>
      <ManufacturerName>גייד</ManufacturerName>
      <ManufactureCountry>IL</ManufactureCountry>
      <ManufacturerItemDescription>HD IDYLLIC מסקרה</ManufacturerItemDescription>
      <UnitQty>יחידה</UnitQty>
      <Quantity>1.00</Quantity>
      <bIsWeighted>0</bIsWeighted>
      <UnitOfMeasure>יחידה</UnitOfMeasure>
      <QtyInPackage>0</QtyInPackage>
      <ItemPrice>92.90</ItemPrice>
      <UnitOfMeasurePrice>92.90</UnitOfMeasurePrice>
      <AllowDiscount>1</AllowDiscount>
      <ItemStatus>1</ItemStatus>
    </Item>
    <Item>
      <PriceUpdateDate>2020-01-20 00:14</PriceUpdateDate>
      <ItemCode>7290106297067</ItemCode>
      <ItemType>1</ItemType>
      <ItemName>צללית בייסיק לגבות יח'</ItemName>
      <ManufacturerName>גייד</ManufacturerName>
      <ManufactureCountry>IL</ManufactureCountry>
      <ManufacturerItemDescription>צללית בייסיק לגב</ManufacturerItemDescription>
      <UnitQty>יחידה</UnitQty>
      <Quantity>1.00</Quantity>
      <bIsWeighted>0</bIsWeighted>
      <UnitOfMeasure>יחידה</UnitOfMeasure>
      <QtyInPackage>0</QtyInPackage>
      <ItemPrice>57.90</ItemPrice>
      <UnitOfMeasurePrice>57.90</UnitOfMeasurePrice>
      <AllowDiscount>1</AllowDiscount>
      <ItemStatus>1</ItemStatus>
    </Item>
    <Item>
      <PriceUpdateDate>2020-01-20 00:13</PriceUpdateDate>
      <ItemCode>7290106297180</ItemCode>
      <ItemType>1</ItemType>
      <ItemName>VERTIGO דאודורנט ספריי</ItemName>
      <ManufacturerName>גייד בישום</ManufacturerName>
      <ManufactureCountry>IL</ManufactureCountry>
      <ManufacturerItemDescription>VERTIGO דאו לגבר</ManufacturerItemDescription>
      <UnitQty>מיליליטרים</UnitQty>
      <Quantity>200.00</Quantity>
      <bIsWeighted>0</bIsWeighted>
      <UnitOfMeasure>100 מ"ל</UnitOfMeasure>
      <QtyInPackage>0</QtyInPackage>
      <ItemPrice>58.90</ItemPrice>
      <UnitOfMeasurePrice>29.45</UnitOfMeasurePrice>
      <AllowDiscount>1</AllowDiscount>
      <ItemStatus>1</ItemStatus>
    </Item>
    <Item>
      <PriceUpdateDate>2020-01-20 00:13</PriceUpdateDate>
      <ItemCode>7290106297593</ItemCode>
      <ItemType>1</ItemType>
      <ItemName>דאודורנט לגבר אייקון אקס</ItemName>
      <ManufacturerName>גייד בישום</ManufacturerName>
      <ManufactureCountry>IL</ManufactureCountry>
      <ManufacturerItemDescription>דאודורנט לגבר אי</ManufacturerItemDescription>
      <UnitQty>מיליליטרים</UnitQty>
      <Quantity>200.00</Quantity>
      <bIsWeighted>0</bIsWeighted>
      <UnitOfMeasure>100 מ"ל</UnitOfMeasure>
      <QtyInPackage>0</QtyInPackage>
      <ItemPrice>39.90</ItemPrice>
      <UnitOfMeasurePrice>19.95</UnitOfMeasurePrice>
      <AllowDiscount>1</AllowDiscount>
      <ItemStatus>1</ItemStatus>
    </Item>
    <Item>
      <PriceUpdateDate>2020-10-10 21:00</PriceUpdateDate>
      <ItemCode>7290106297647</ItemCode>
      <ItemType>1</ItemType>
      <ItemName>SUBLIME HYDRA שמן טיפולי</ItemName>
      <ManufacturerName>גייד</ManufacturerName>
      <ManufactureCountry>IL</ManufactureCountry>
      <ManufacturerItemDescription>SUBLIME HYDRAשמן</ManufacturerItemDescription>
      <UnitQty>מיליליטרים</UnitQty>
      <Quantity>30.00</Quantity>
      <bIsWeighted>0</bIsWeighted>
      <UnitOfMeasure>100 מ"ל</UnitOfMeasure>
      <QtyInPackage>0</QtyInPackage>
      <ItemPrice>69.00</ItemPrice>
      <UnitOfMeasurePrice>230.00</UnitOfMeasurePrice>
      <AllowDiscount>1</AllowDiscount>
      <ItemStatus>1</ItemStatus>
    </Item>
    <Item>
      <PriceUpdateDate>2020-01-20 00:13</PriceUpdateDate>
      <ItemCode>7290106298651</ItemCode>
      <ItemType>1</ItemType>
      <ItemName>OIL MUSK ICON בושם לאשה</ItemName>
      <ManufacturerName>גייד בישום</ManufacturerName>
      <ManufactureCountry>IL</ManufactureCountry>
      <ManufacturerItemDescription>M-O ICON לאשה</ManufacturerItemDescription>
      <UnitQty>מיליליטרים</UnitQty>
      <Quantity>100.00</Quantity>
      <bIsWeighted>0</bIsWeighted>
      <UnitOfMeasure>100 מ"ל</UnitOfMeasure>
      <QtyInPackage>0</QtyInPackage>
      <ItemPrice>178.90</ItemPrice>
      <UnitOfMeasurePrice>178.90</UnitOfMeasurePrice>
      <AllowDiscount>1</AllowDiscount>
      <ItemStatus>1</ItemStatus>
    </Item>
    <Item>
      <PriceUpdateDate>2020-02-21 08:25</PriceUpdateDate>
      <ItemCode>7290106298675</ItemCode>
      <ItemType>1</ItemType>
      <ItemName>ABSOLUTE איילנר עמיד 01</ItemName>
      <ManufacturerName>גייד</ManufacturerName>
      <ManufactureCountry>IL</ManufactureCountry>
      <ManufacturerItemDescription>ABSOLUTE איילנר</ManufacturerItemDescription>
      <UnitQty>יחידה</UnitQty>
      <Quantity>1.00</Quantity>
      <bIsWeighted>0</bIsWeighted>
      <UnitOfMeasure>יחידה</UnitOfMeasure>
      <QtyInPackage>0</QtyInPackage>
      <ItemPrice>71.90</ItemPrice>
      <UnitOfMeasurePrice>71.90</UnitOfMeasurePrice>
      <AllowDiscount>1</AllowDiscount>
      <ItemStatus>1</ItemStatus>
    </Item>
    <Item>
      <PriceUpdateDate>2020-02-21 08:25</PriceUpdateDate>
      <ItemCode>7290106299627</ItemCode>
      <ItemType>1</ItemType>
      <ItemName>שפתון וולטין מאט753 יח'</ItemName>
      <ManufacturerName>גייד</ManufacturerName>
      <ManufactureCountry>IL</ManufactureCountry>
      <ManufacturerItemDescription>שפתון וולטין מאט</ManufacturerItemDescription>
      <UnitQty>יחידה</UnitQty>
      <Quantity>1.00</Quantity>
      <bIsWeighted>0</bIsWeighted>
      <UnitOfMeasure>יחידה</UnitOfMeasure>
      <QtyInPackage>0</QtyInPackage>
      <ItemPrice>71.90</ItemPrice>
      <UnitOfMeasurePrice>71.90</UnitOfMeasurePrice>
      <AllowDiscount>1</AllowDiscount>
      <ItemStatus>1</ItemStatus>
    </Item>
    <Item>
      <PriceUpdateDate>2020-02-21 08:25</PriceUpdateDate>
      <ItemCode>7290106299924</ItemCode>
      <ItemType>1</ItemType>
      <ItemName>פלטה צללית וולטין 47 יח'</ItemName>
      <ManufacturerName>גייד</ManufacturerName>
      <ManufactureCountry>IL</ManufactureCountry>
      <ManufacturerItemDescription>פלטה צללית וולטי</ManufacturerItemDescription>
      <UnitQty>יחידה</UnitQty>
      <Quantity>1.00</Quantity>
      <bIsWeighted>0</bIsWeighted>
      <UnitOfMeasure>יחידה</UnitOfMeasure>
      <QtyInPackage>0</QtyInPackage>
      <ItemPrice>83.90</ItemPrice>
      <UnitOfMeasurePrice>83.90</UnitOfMeasurePrice>
      <AllowDiscount>1</AllowDiscount>
      <ItemStatus>1</ItemStatus>
    </Item>
    <Item>
      <PriceUpdateDate>2020-01-20 00:09</PriceUpdateDate>
      <ItemCode>7290106656260</ItemCode>
      <ItemType>1</ItemType>
      <ItemName>פופקורן בטעם טבעי 65 גרם</ItemName>
      <ManufacturerName>שטראוס פריטו ליי בע"\מ )</ManufacturerName>
      <ManufactureCountry>IL</ManufactureCountry>
      <ManufacturerItemDescription>פופקורן טבעי</ManufacturerItemDescription>
      <UnitQty>גרמים</UnitQty>
      <Quantity>65.00</Quantity>
      <bIsWeighted>0</bIsWeighted>
      <UnitOfMeasure>100 גרם</UnitOfMeasure>
      <QtyInPackage>1</QtyInPackage>
      <ItemPrice>3.90</ItemPrice>
      <UnitOfMeasurePrice>6.00</UnitOfMeasurePrice>
      <AllowDiscount>1</AllowDiscount>
      <ItemStatus>1</ItemStatus>
    </Item>
    <Item>
      <PriceUpdateDate>2020-01-20 00:09</PriceUpdateDate>
      <ItemCode>7290106658479</ItemCode>
      <ItemType>1</ItemType>
      <ItemName>טורטית מגדים 40 גרם</ItemName>
      <ManufacturerName>שטראוס גרופ בע"\מ</ManufacturerName>
      <ManufactureCountry>IL</ManufactureCountry>
      <ManufacturerItemDescription>טורטית מגדים</ManufacturerItemDescription>
      <UnitQty>גרמים</UnitQty>
      <Quantity>40.00</Quantity>
      <bIsWeighted>0</bIsWeighted>
      <UnitOfMeasure>100 גרם</UnitOfMeasure>
      <QtyInPackage>1</QtyInPackage>
      <ItemPrice>4.90</ItemPrice>
      <UnitOfMeasurePrice>12.25</UnitOfMeasurePrice>
      <AllowDiscount>1</AllowDiscount>
      <ItemStatus>1</ItemStatus>
    </Item>
    <Item>
      <PriceUpdateDate>2020-07-31 05:33</PriceUpdateDate>
      <ItemCode>7290106720695</ItemCode>
      <ItemType>1</ItemType>
      <ItemName>מיקס חטיפים צהוב 182גרם</ItemName>
      <ManufacturerName>שטראוס</ManufacturerName>
      <ManufactureCountry>IL</ManufactureCountry>
      <ManufacturerItemDescription>מיקס חטיפים צהוב</ManufacturerItemDescription>
      <UnitQty>גרמים</UnitQty>
      <Quantity>182.00</Quantity>
      <bIsWeighted>0</bIsWeighted>
      <UnitOfMeasure>100 גרם</UnitOfMeasure>
      <QtyInPackage>0</QtyInPackage>
      <ItemPrice>10.90</ItemPrice>
      <UnitOfMeasurePrice>5.99</UnitOfMeasurePrice>
      <AllowDiscount>1</AllowDiscount>
      <ItemStatus>1</ItemStatus>
    </Item>
    <Item>
      <PriceUpdateDate>2020-10-10 19:40</PriceUpdateDate>
      <ItemCode>7290107280037</ItemCode>
      <ItemType>1</ItemType>
      <ItemName>מגבונים לניקוי</ItemName>
      <ManufacturerName />
      <ManufactureCountry>IL</ManufactureCountry>
      <ManufacturerItemDescription>מגבונים לניקוי</ManufacturerItemDescription>
      <UnitQty>יחידה</UnitQty>
      <Quantity>1.00</Quantity>
      <bIsWeighted>0</bIsWeighted>
      <UnitOfMeasure>יחידה</UnitOfMeasure>
      <QtyInPackage>0</QtyInPackage>
      <ItemPrice>7.90</ItemPrice>
      <UnitOfMeasurePrice>7.90</UnitOfMeasurePrice>
      <AllowDiscount>1</AllowDiscount>
      <ItemStatus>1</ItemStatus>
    </Item>
    <Item>
      <PriceUpdateDate>2020-10-10 19:40</PriceUpdateDate>
      <ItemCode>7290107280099</ItemCode>
      <ItemType>1</ItemType>
      <ItemName>מגבוני נייר טואלט48*3יח</ItemName>
      <ManufacturerName>סנו</ManufacturerName>
      <ManufactureCountry>IL</ManufactureCountry>
      <ManufacturerItemDescription>מגבוני נייר לחים</ManufacturerItemDescription>
      <UnitQty>יחידה</UnitQty>
      <Quantity>1.00</Quantity>
      <bIsWeighted>0</bIsWeighted>
      <UnitOfMeasure>יחידה</UnitOfMeasure>
      <QtyInPackage>0</QtyInPackage>
      <ItemPrice>15.90</ItemPrice>
      <UnitOfMeasurePrice>15.90</UnitOfMeasurePrice>
      <AllowDiscount>1</AllowDiscount>
      <ItemStatus>1</ItemStatus>
    </Item>
    <Item>
      <PriceUpdateDate>2020-01-20 00:21</PriceUpdateDate>
      <ItemCode>7290107280112</ItemCode>
      <ItemType>1</ItemType>
      <ItemName>סנו סופט 24 גלילים</ItemName>
      <ManufacturerName>סנו</ManufacturerName>
      <ManufactureCountry>IL</ManufactureCountry>
      <ManufacturerItemDescription>סנו סופט 24 גליל</ManufacturerItemDescription>
      <UnitQty>מטרים</UnitQty>
      <Quantity>441.00</Quantity>
      <bIsWeighted>0</bIsWeighted>
      <UnitOfMeasure>100 מטר</UnitOfMeasure>
      <QtyInPackage>0</QtyInPackage>
      <ItemPrice>22.90</ItemPrice>
      <UnitOfMeasurePrice>5.19</UnitOfMeasurePrice>
      <AllowDiscount>1</AllowDiscount>
      <ItemStatus>1</ItemStatus>
    </Item>
    <Item>
      <PriceUpdateDate>2020-01-20 00:14</PriceUpdateDate>
      <ItemCode>7290107280273</ItemCode>
      <ItemType>1</ItemType>
      <ItemName>קרמה ק.ידיים מזין 100מל</ItemName>
      <ManufacturerName>---</ManufacturerName>
      <ManufactureCountry>IL</ManufactureCountry>
      <ManufacturerItemDescription>קרמה קרם ידיים</ManufacturerItemDescription>
      <UnitQty>מיליליטרים</UnitQty>
      <Quantity>100.00</Quantity>
      <bIsWeighted>0</bIsWeighted>
      <UnitOfMeasure>100 מ"ל</UnitOfMeasure>
      <QtyInPackage>0</QtyInPackage>
      <ItemPrice>11.90</ItemPrice>
      <UnitOfMeasurePrice>11.90</UnitOfMeasurePrice>
      <AllowDiscount>1</AllowDiscount>
      <ItemStatus>1</ItemStatus>
    </Item>
    <Item>
      <PriceUpdateDate>2020-01-20 00:21</PriceUpdateDate>
      <ItemCode>7290107280549</ItemCode>
      <ItemType>1</ItemType>
      <ItemName>400-K קוטל זבובים ויתושי</ItemName>
      <ManufacturerName>סנו מפעלי ברונוס בע"מ</ManufacturerName>
      <ManufactureCountry>IL</ManufactureCountry>
      <ManufacturerItemDescription>400-K ק.יתושים</ManufacturerItemDescription>
      <UnitQty>מיליליטרים</UnitQty>
      <Quantity>300.00</Quantity>
      <bIsWeighted>0</bIsWeighted>
      <UnitOfMeasure>100 מ"ל</UnitOfMeasure>
      <QtyInPackage>0</QtyInPackage>
      <ItemPrice>14.90</ItemPrice>
      <UnitOfMeasurePrice>4.97</UnitOfMeasurePrice>
      <AllowDiscount>1</AllowDiscount>
      <ItemStatus>1</ItemStatus>
    </Item>
    <Item>
      <PriceUpdateDate>2020-10-11 22:20</PriceUpdateDate>
      <ItemCode>7290107280662</ItemCode>
      <ItemType>1</ItemType>
      <ItemName>אבקת כביסה מקסימה בייבי</ItemName>
      <ManufacturerName>סנו</ManufacturerName>
      <ManufactureCountry>IL</ManufactureCountry>
      <ManufacturerItemDescription>אבקת כביסה מקסימ</ManufacturerItemDescription>
      <UnitQty>גרמים</UnitQty>
      <Quantity>1250.00</Quantity>
      <bIsWeighted>0</bIsWeighted>
      <UnitOfMeasure>100 גרם</UnitOfMeasure>
      <QtyInPackage>1</QtyInPackage>
      <ItemPrice>9.90</ItemPrice>
      <UnitOfMeasurePrice>0.79</UnitOfMeasurePrice>
      <AllowDiscount>1</AllowDiscount>
      <ItemStatus>1</ItemStatus>
    </Item>
    <Item>
      <PriceUpdateDate>2020-10-10 20:20</PriceUpdateDate>
      <ItemCode>7290107280761</ItemCode>
      <ItemType>1</ItemType>
      <ItemName>ספארק לימון+משאבה 1ל</ItemName>
      <ManufacturerName>סנו מפעלי ברונוס בעמ</ManufacturerName>
      <ManufactureCountry>IL</ManufactureCountry>
      <ManufacturerItemDescription>נוזל כלים לימון</ManufacturerItemDescription>
      <UnitQty>ליטרים</UnitQty>
      <Quantity>1.00</Quantity>
      <bIsWeighted>0</bIsWeighted>
      <UnitOfMeasure>ליטר</UnitOfMeasure>
      <QtyInPackage>0</QtyInPackage>
      <ItemPrice>9.90</ItemPrice>
      <UnitOfMeasurePrice>9.90</UnitOfMeasurePrice>
      <AllowDiscount>1</AllowDiscount>
      <ItemStatus>1</ItemStatus>
    </Item>
    <Item>
      <PriceUpdateDate>2020-01-20 00:21</PriceUpdateDate>
      <ItemCode>7290107280815</ItemCode>
      <ItemType>1</ItemType>
      <ItemName>K301 קוטל זוחלים 300 מ"ל</ItemName>
      <ManufacturerName>סנו מפעלי ברונוס בע"מ</ManufacturerName>
      <ManufactureCountry>IL</ManufactureCountry>
      <ManufacturerItemDescription>K301 קוטל זוחלים</ManufacturerItemDescription>
      <UnitQty>מיליליטרים</UnitQty>
      <Quantity>300.00</Quantity>
      <bIsWeighted>0</bIsWeighted>
      <UnitOfMeasure>100 מ"ל</UnitOfMeasure>
      <QtyInPackage>1</QtyInPackage>
      <ItemPrice>16.90</ItemPrice>
      <UnitOfMeasurePrice>5.63</UnitOfMeasurePrice>
      <AllowDiscount>1</AllowDiscount>
      <ItemStatus>1</ItemStatus>
    </Item>
    <Item>
      <PriceUpdateDate>2020-10-10 20:20</PriceUpdateDate>
      <ItemCode>7290107280839</ItemCode>
      <ItemType>1</ItemType>
      <ItemName>קרם גוף קרמה לחות 500 מל</ItemName>
      <ManufacturerName>קוסמופארם בע'\'\מ</ManufacturerName>
      <ManufactureCountry>IL</ManufactureCountry>
      <ManufacturerItemDescription>קרם גוף קרמה</ManufacturerItemDescription>
      <UnitQty>מיליליטרים</UnitQty>
      <Quantity>500.00</Quantity>
      <bIsWeighted>0</bIsWeighted>
      <UnitOfMeasure>100 מ"ל</UnitOfMeasure>
      <QtyInPackage>1</QtyInPackage>
      <ItemPrice>22.90</ItemPrice>
      <UnitOfMeasurePrice>4.58</UnitOfMeasurePrice>
      <AllowDiscount>1</AllowDiscount>
      <ItemStatus>1</ItemStatus>
    </Item>
    <Item>
      <PriceUpdateDate>2020-01-31 05:46</PriceUpdateDate>
      <ItemCode>7290107522137</ItemCode>
      <ItemType>1</ItemType>
      <ItemName>סדין מיקס יור סטייל *220</ItemName>
      <ManufacturerName>כללי</ManufacturerName>
      <ManufactureCountry />
      <ManufacturerItemDescription>סדין מיקס יור סט</ManufacturerItemDescription>
      <UnitQty>יחידה</UnitQty>
      <Quantity>1.00</Quantity>
      <bIsWeighted>0</bIsWeighted>
      <UnitOfMeasure>יחידה</UnitOfMeasure>
      <QtyInPackage>0</QtyInPackage>
      <ItemPrice>49.90</ItemPrice>
      <UnitOfMeasurePrice>49.90</UnitOfMeasurePrice>
      <AllowDiscount>1</AllowDiscount>
      <ItemStatus>1</ItemStatus>
    </Item>
    <Item>
      <PriceUpdateDate>2020-01-31 05:46</PriceUpdateDate>
      <ItemCode>7290107522168</ItemCode>
      <ItemType>1</ItemType>
      <ItemName>ציפה זוגי מיקס יור סטייל</ItemName>
      <ManufacturerName>כללי</ManufacturerName>
      <ManufactureCountry />
      <ManufacturerItemDescription>ציפה זוגי מיקס י</ManufacturerItemDescription>
      <UnitQty>יחידה</UnitQty>
      <Quantity>1.00</Quantity>
      <bIsWeighted>0</bIsWeighted>
      <UnitOfMeasure>יחידה</UnitOfMeasure>
      <QtyInPackage>0</QtyInPackage>
      <ItemPrice>64.90</ItemPrice>
      <UnitOfMeasurePrice>64.90</UnitOfMeasurePrice>
      <AllowDiscount>1</AllowDiscount>
      <ItemStatus>1</ItemStatus>
    </Item>
    <Item>
      <PriceUpdateDate>2020-10-13 11:50</PriceUpdateDate>
      <ItemCode>7290107640145</ItemCode>
      <ItemType>1</ItemType>
      <ItemName>דאו.דאב ספריי טלק 150מ"ל</ItemName>
      <ManufacturerName>יוניליוור</ManufacturerName>
      <ManufactureCountry>GB</ManufactureCountry>
      <ManufacturerItemDescription>דאודורנט דאב</ManufacturerItemDescription>
      <UnitQty>מיליליטרים</UnitQty>
      <Quantity>150.00</Quantity>
      <bIsWeighted>0</bIsWeighted>
      <UnitOfMeasure>100 מ"ל</UnitOfMeasure>
      <QtyInPackage>1</QtyInPackage>
      <ItemPrice>14.90</ItemPrice>
      <UnitOfMeasurePrice>9.93</UnitOfMeasurePrice>
      <AllowDiscount>1</AllowDiscount>
      <ItemStatus>1</ItemStatus>
    </Item>
    <Item>
      <PriceUpdateDate>2020-10-10 21:30</PriceUpdateDate>
      <ItemCode>7290107646147</ItemCode>
      <ItemType>1</ItemType>
      <ItemName>חטיף שוגי קורנפלקס 26*6ג</ItemName>
      <ManufacturerName>יוניליוור ישראל מזון בעמ</ManufacturerName>
      <ManufactureCountry>IL</ManufactureCountry>
      <ManufacturerItemDescription>חטיפי שוגי 6 יח</ManufacturerItemDescription>
      <UnitQty>גרמים</UnitQty>
      <Quantity>156.00</Quantity>
      <bIsWeighted>0</bIsWeighted>
      <UnitOfMeasure>100 גרם</UnitOfMeasure>
      <QtyInPackage>1</QtyInPackage>
      <ItemPrice>9.90</ItemPrice>
      <UnitOfMeasurePrice>6.35</UnitOfMeasurePrice>
      <AllowDiscount>1</AllowDiscount>
      <ItemStatus>1</ItemStatus>
    </Item>
    <Item>
      <PriceUpdateDate>2020-10-10 21:30</PriceUpdateDate>
      <ItemCode>7290107646154</ItemCode>
      <ItemType>1</ItemType>
      <ItemName>חטיפי קוקומן פצפוצ 21*6ג</ItemName>
      <ManufacturerName>יוניליוור ישראל מזון בעמ</ManufacturerName>
      <ManufactureCountry>IL</ManufactureCountry>
      <ManufacturerItemDescription>חטיפי קוקומן 6יח</ManufacturerItemDescription>
      <UnitQty>גרמים</UnitQty>
      <Quantity>126.00</Quantity>
      <bIsWeighted>0</bIsWeighted>
      <UnitOfMeasure>100 גרם</UnitOfMeasure>
      <QtyInPackage>1</QtyInPackage>
      <ItemPrice>9.90</ItemPrice>
      <UnitOfMeasurePrice>7.86</UnitOfMeasurePrice>
      <AllowDiscount>1</AllowDiscount>
      <ItemStatus>1</ItemStatus>
    </Item>
    <Item>
      <PriceUpdateDate>2020-10-10 21:30</PriceUpdateDate>
      <ItemCode>7290107646826</ItemCode>
      <ItemType>1</ItemType>
      <ItemName>חטיפי שוגי שוקו 26*6גרם</ItemName>
      <ManufacturerName>יוניליוור ישראל מזון בעמ</ManufacturerName>
      <ManufactureCountry>IL</ManufactureCountry>
      <ManufacturerItemDescription>חטיפי שוגי 6 יח</ManufacturerItemDescription>
      <UnitQty>גרמים</UnitQty>
      <Quantity>156.00</Quantity>
      <bIsWeighted>0</bIsWeighted>
      <UnitOfMeasure>100 גרם</UnitOfMeasure>
      <QtyInPackage>1</QtyInPackage>
      <ItemPrice>9.90</ItemPrice>
      <UnitOfMeasurePrice>6.35</UnitOfMeasurePrice>
      <AllowDiscount>1</AllowDiscount>
      <ItemStatus>1</ItemStatus>
    </Item>
    <Item>
      <PriceUpdateDate>2020-10-10 21:30</PriceUpdateDate>
      <ItemCode>7290107646833</ItemCode>
      <ItemType>1</ItemType>
      <ItemName>חטיפי שוגי שוק.לבן 23*6ג</ItemName>
      <ManufacturerName>יוניליוור ישראל מזון בעמ</ManufacturerName>
      <ManufactureCountry>IL</ManufactureCountry>
      <ManufacturerItemDescription>חטיפי שוגי 6 יח</ManufacturerItemDescription>
      <UnitQty>גרמים</UnitQty>
      <Quantity>138.00</Quantity>
      <bIsWeighted>0</bIsWeighted>
      <UnitOfMeasure>100 גרם</UnitOfMeasure>
      <QtyInPackage>1</QtyInPackage>
      <ItemPrice>9.90</ItemPrice>
      <UnitOfMeasurePrice>7.18</UnitOfMeasurePrice>
      <AllowDiscount>1</AllowDiscount>
      <ItemStatus>1</ItemStatus>
    </Item>
    <Item>
      <PriceUpdateDate>2020-10-10 20:20</PriceUpdateDate>
      <ItemCode>7290107971744</ItemCode>
      <ItemType>1</ItemType>
      <ItemName>מי פה טוטל ירוק 500 מ"ל</ItemName>
      <ManufacturerName>קולגייט-פלמוליב</ManufacturerName>
      <ManufactureCountry>PL</ManufactureCountry>
      <ManufacturerItemDescription>מי פה קולגייט</ManufacturerItemDescription>
      <UnitQty>מיליליטרים</UnitQty>
      <Quantity>500.00</Quantity>
      <bIsWeighted>0</bIsWeighted>
      <UnitOfMeasure>100 מ"ל</UnitOfMeasure>
      <QtyInPackage>1</QtyInPackage>
      <ItemPrice>14.90</ItemPrice>
      <UnitOfMeasurePrice>2.98</UnitOfMeasurePrice>
      <AllowDiscount>1</AllowDiscount>
      <ItemStatus>1</ItemStatus>
    </Item>
    <Item>
      <PriceUpdateDate>2020-10-10 20:20</PriceUpdateDate>
      <ItemCode>7290107971751</ItemCode>
      <ItemType>1</ItemType>
      <ItemName>מי פה טוטל כחול 500 מ"ל</ItemName>
      <ManufacturerName>קולגייט- פלמוליב</ManufacturerName>
      <ManufactureCountry>PL</ManufactureCountry>
      <ManufacturerItemDescription>מי פה קולגייט</ManufacturerItemDescription>
      <UnitQty>מיליליטרים</UnitQty>
      <Quantity>500.00</Quantity>
      <bIsWeighted>0</bIsWeighted>
      <UnitOfMeasure>100 מ"ל</UnitOfMeasure>
      <QtyInPackage>1</QtyInPackage>
      <ItemPrice>14.90</ItemPrice>
      <UnitOfMeasurePrice>2.98</UnitOfMeasurePrice>
      <AllowDiscount>1</AllowDiscount>
      <ItemStatus>1</ItemStatus>
    </Item>
    <Item>
      <PriceUpdateDate>2020-01-20 00:14</PriceUpdateDate>
      <ItemCode>7290107973014</ItemCode>
      <ItemType>1</ItemType>
      <ItemName>סב.ידיים פלמוליב דבש300מ</ItemName>
      <ManufacturerName>ש. שסטוביץ בע"\מ</ManufacturerName>
      <ManufactureCountry>TR</ManufactureCountry>
      <ManufacturerItemDescription>סבון ידיים</ManufacturerItemDescription>
      <UnitQty>מיליליטרים</UnitQty>
      <Quantity>300.00</Quantity>
      <bIsWeighted>0</bIsWeighted>
      <UnitOfMeasure>100 מ"ל</UnitOfMeasure>
      <QtyInPackage>1</QtyInPackage>
      <ItemPrice>8.90</ItemPrice>
      <UnitOfMeasurePrice>2.97</UnitOfMeasurePrice>
      <AllowDiscount>1</AllowDiscount>
      <ItemStatus>1</ItemStatus>
    </Item>
    <Item>
      <PriceUpdateDate>2020-10-10 20:20</PriceUpdateDate>
      <ItemCode>7290107973311</ItemCode>
      <ItemType>1</ItemType>
      <ItemName>2מברשות קולגייט 360 פחם</ItemName>
      <ManufacturerName>קולגייט פלמוליב</ManufacturerName>
      <ManufactureCountry>CH</ManufactureCountry>
      <ManufacturerItemDescription>מברשות קולגייט</ManufacturerItemDescription>
      <UnitQty>יחידה</UnitQty>
      <Quantity>1.00</Quantity>
      <bIsWeighted>0</bIsWeighted>
      <UnitOfMeasure>יחידה</UnitOfMeasure>
      <QtyInPackage>1</QtyInPackage>
      <ItemPrice>26.90</ItemPrice>
      <UnitOfMeasurePrice>26.90</UnitOfMeasurePrice>
      <AllowDiscount>1</AllowDiscount>
      <ItemStatus>1</ItemStatus>
    </Item>
    <Item>
      <PriceUpdateDate>2020-10-10 21:00</PriceUpdateDate>
      <ItemCode>7290107974301</ItemCode>
      <ItemType>1</ItemType>
      <ItemName>ליידי ס.סטיק אלוורה ג'ל</ItemName>
      <ManufacturerName>קולגייט פלמוליב</ManufacturerName>
      <ManufactureCountry>US</ManufactureCountry>
      <ManufacturerItemDescription>ליידי ספיד סטיק</ManufacturerItemDescription>
      <UnitQty>גרמים</UnitQty>
      <Quantity>45.00</Quantity>
      <bIsWeighted>0</bIsWeighted>
      <UnitOfMeasure>100 גרם</UnitOfMeasure>
      <QtyInPackage>1</QtyInPackage>
      <ItemPrice>19.90</ItemPrice>
      <UnitOfMeasurePrice>44.22</UnitOfMeasurePrice>
      <AllowDiscount>1</AllowDiscount>
      <ItemStatus>1</ItemStatus>
    </Item>
    <Item>
      <PriceUpdateDate>2020-10-10 21:00</PriceUpdateDate>
      <ItemCode>7290107975285</ItemCode>
      <ItemType>1</ItemType>
      <ItemName>ליידי ס.סטיק נערות תות</ItemName>
      <ManufacturerName>קולגייט פלמוליב</ManufacturerName>
      <ManufactureCountry>US</ManufactureCountry>
      <ManufacturerItemDescription>ספיד סטיק תות</ManufacturerItemDescription>
      <UnitQty>גרמים</UnitQty>
      <Quantity>65.00</Quantity>
      <bIsWeighted>0</bIsWeighted>
      <UnitOfMeasure>100 גרם</UnitOfMeasure>
      <QtyInPackage>1</QtyInPackage>
      <ItemPrice>19.90</ItemPrice>
      <UnitOfMeasurePrice>30.62</UnitOfMeasurePrice>
      <AllowDiscount>1</AllowDiscount>
      <ItemStatus>1</ItemStatus>
    </Item>
    <Item>
      <PriceUpdateDate>2020-10-10 20:20</PriceUpdateDate>
      <ItemCode>7290107976862</ItemCode>
      <ItemType>1</ItemType>
      <ItemName>סב.נוזלי לומינוס מקד500מ</ItemName>
      <ManufacturerName>קולגייט פלמוליב</ManufacturerName>
      <ManufactureCountry>TR</ManufactureCountry>
      <ManufacturerItemDescription>סבון נוזלי</ManufacturerItemDescription>
      <UnitQty>מיליליטרים</UnitQty>
      <Quantity>500.00</Quantity>
      <bIsWeighted>0</bIsWeighted>
      <UnitOfMeasure>100 מ"ל</UnitOfMeasure>
      <QtyInPackage>1</QtyInPackage>
      <ItemPrice>13.90</ItemPrice>
      <UnitOfMeasurePrice>2.78</UnitOfMeasurePrice>
      <AllowDiscount>1</AllowDiscount>
      <ItemStatus>1</ItemStatus>
    </Item>
    <Item>
      <PriceUpdateDate>2020-01-20 00:14</PriceUpdateDate>
      <ItemCode>7290107976916</ItemCode>
      <ItemType>1</ItemType>
      <ItemName>סב.ידיים פלמוליב זית300מ</ItemName>
      <ManufacturerName>קולגייט פלמוליב</ManufacturerName>
      <ManufactureCountry>TR</ManufactureCountry>
      <ManufacturerItemDescription>סבון ידיים</ManufacturerItemDescription>
      <UnitQty>מיליליטרים</UnitQty>
      <Quantity>300.00</Quantity>
      <bIsWeighted>0</bIsWeighted>
      <UnitOfMeasure>100 מ"ל</UnitOfMeasure>
      <QtyInPackage>1</QtyInPackage>
      <ItemPrice>8.90</ItemPrice>
      <UnitOfMeasurePrice>2.97</UnitOfMeasurePrice>
      <AllowDiscount>1</AllowDiscount>
      <ItemStatus>1</ItemStatus>
    </Item>
    <Item>
      <PriceUpdateDate>2020-10-10 20:20</PriceUpdateDate>
      <ItemCode>7290107977753</ItemCode>
      <ItemType>1</ItemType>
      <ItemName>משחת מרידול פרדונט 75מ"ל</ItemName>
      <ManufacturerName>גאבה</ManufacturerName>
      <ManufactureCountry>PL</ManufactureCountry>
      <ManufacturerItemDescription>משחת שיניים</ManufacturerItemDescription>
      <UnitQty>מיליליטרים</UnitQty>
      <Quantity>75.00</Quantity>
      <bIsWeighted>0</bIsWeighted>
      <UnitOfMeasure>100 מ"ל</UnitOfMeasure>
      <QtyInPackage>1</QtyInPackage>
      <ItemPrice>21.90</ItemPrice>
      <UnitOfMeasurePrice>29.20</UnitOfMeasurePrice>
      <AllowDiscount>1</AllowDiscount>
      <ItemStatus>1</ItemStatus>
    </Item>
    <Item>
      <PriceUpdateDate>2020-10-10 20:20</PriceUpdateDate>
      <ItemCode>7290107978101</ItemCode>
      <ItemType>1</ItemType>
      <ItemName>אופטיק וייט אקסטרה 75מל</ItemName>
      <ManufacturerName>קולגייט</ManufacturerName>
      <ManufactureCountry>PL</ManufactureCountry>
      <ManufacturerItemDescription>משחת אופטיק וייט</ManufacturerItemDescription>
      <UnitQty>מיליליטרים</UnitQty>
      <Quantity>75.00</Quantity>
      <bIsWeighted>0</bIsWeighted>
      <UnitOfMeasure>100 מ"ל</UnitOfMeasure>
      <QtyInPackage>1</QtyInPackage>
      <ItemPrice>24.90</ItemPrice>
      <UnitOfMeasurePrice>33.20</UnitOfMeasurePrice>
      <AllowDiscount>1</AllowDiscount>
      <ItemStatus>1</ItemStatus>
    </Item>
    <Item>
      <PriceUpdateDate>2020-08-27 15:07</PriceUpdateDate>
      <ItemCode>7290108200201</ItemCode>
      <ItemType>1</ItemType>
      <ItemName>מסיר כתמים אבקת קליה 1.3</ItemName>
      <ManufacturerName>רקיט בנקיזר</ManufacturerName>
      <ManufactureCountry>IT</ManufactureCountry>
      <ManufacturerItemDescription>וניש גולד אבקה</ManufacturerItemDescription>
      <UnitQty>קילוגרמים</UnitQty>
      <Quantity>1.35</Quantity>
      <bIsWeighted>0</bIsWeighted>
      <UnitOfMeasure>ק"ג</UnitOfMeasure>
      <QtyInPackage>1</QtyInPackage>
      <ItemPrice>34.90</ItemPrice>
      <UnitOfMeasurePrice>25.85</UnitOfMeasurePrice>
      <AllowDiscount>1</AllowDiscount>
      <ItemStatus>1</ItemStatus>
    </Item>
    <Item>
      <PriceUpdateDate>2020-01-20 00:21</PriceUpdateDate>
      <ItemCode>7290108200232</ItemCode>
      <ItemType>1</ItemType>
      <ItemName>מסיר כתמים אבקה לכב.לבנה</ItemName>
      <ManufacturerName>רקיט בנקיזר</ManufacturerName>
      <ManufactureCountry>IT</ManufactureCountry>
      <ManufacturerItemDescription>וניש גולד אבקה</ManufacturerItemDescription>
      <UnitQty>גרמים</UnitQty>
      <Quantity>470.00</Quantity>
      <bIsWeighted>0</bIsWeighted>
      <UnitOfMeasure>100 גרם</UnitOfMeasure>
      <QtyInPackage>1</QtyInPackage>
      <ItemPrice>19.90</ItemPrice>
      <UnitOfMeasurePrice>4.23</UnitOfMeasurePrice>
      <AllowDiscount>1</AllowDiscount>
      <ItemStatus>1</ItemStatus>
    </Item>
    <Item>
      <PriceUpdateDate>2020-03-12 23:28</PriceUpdateDate>
      <ItemCode>7290108201987</ItemCode>
      <ItemType>1</ItemType>
      <ItemName>ספריי חיטוי נ.אביב400מל</ItemName>
      <ManufacturerName>רקיט בנקיזר</ManufacturerName>
      <ManufactureCountry>PL</ManufactureCountry>
      <ManufacturerItemDescription>דטול ספריי חיטוי</ManufacturerItemDescription>
      <UnitQty>מיליליטרים</UnitQty>
      <Quantity>400.00</Quantity>
      <bIsWeighted>0</bIsWeighted>
      <UnitOfMeasure>100 מ"ל</UnitOfMeasure>
      <QtyInPackage>1</QtyInPackage>
      <ItemPrice>26.90</ItemPrice>
      <UnitOfMeasurePrice>6.73</UnitOfMeasurePrice>
      <AllowDiscount>1</AllowDiscount>
      <ItemStatus>1</ItemStatus>
    </Item>
    <Item>
      <PriceUpdateDate>2020-10-10 19:40</PriceUpdateDate>
      <ItemCode>7290108350616</ItemCode>
      <ItemType>1</ItemType>
      <ItemName>מרכך מקסימה בלו 1 ליטר</ItemName>
      <ManufacturerName>סנו מפעלי ברונוס בע"\מ</ManufacturerName>
      <ManufactureCountry>IL</ManufactureCountry>
      <ManufacturerItemDescription>מרכך מקסימה</ManufacturerItemDescription>
      <UnitQty>ליטרים</UnitQty>
      <Quantity>1.00</Quantity>
      <bIsWeighted>0</bIsWeighted>
      <UnitOfMeasure>ליטר</UnitOfMeasure>
      <QtyInPackage>1</QtyInPackage>
      <ItemPrice>12.90</ItemPrice>
      <UnitOfMeasurePrice>12.90</UnitOfMeasurePrice>
      <AllowDiscount>1</AllowDiscount>
      <ItemStatus>1</ItemStatus>
    </Item>
    <Item>
      <PriceUpdateDate>2020-10-10 19:40</PriceUpdateDate>
      <ItemCode>7290108350623</ItemCode>
      <ItemType>1</ItemType>
      <ItemName>מרכך מקסימה סופט סילק1ל</ItemName>
      <ManufacturerName>סנו מפעלי ברונוס בע"\מ</ManufacturerName>
      <ManufactureCountry>IL</ManufactureCountry>
      <ManufacturerItemDescription>מרכך מקסימה</ManufacturerItemDescription>
      <UnitQty>ליטרים</UnitQty>
      <Quantity>1.00</Quantity>
      <bIsWeighted>0</bIsWeighted>
      <UnitOfMeasure>ליטר</UnitOfMeasure>
      <QtyInPackage>1</QtyInPackage>
      <ItemPrice>12.90</ItemPrice>
      <UnitOfMeasurePrice>12.90</UnitOfMeasurePrice>
      <AllowDiscount>1</AllowDiscount>
      <ItemStatus>1</ItemStatus>
    </Item>
    <Item>
      <PriceUpdateDate>2020-10-12 22:20</PriceUpdateDate>
      <ItemCode>7290108350968</ItemCode>
      <ItemType>1</ItemType>
      <ItemName>דאו.קרמה אנטיפרספירט 150</ItemName>
      <ManufacturerName>קוסמופארם</ManufacturerName>
      <ManufactureCountry>IL</ManufactureCountry>
      <ManufacturerItemDescription>דאודורנט קרמה</ManufacturerItemDescription>
      <UnitQty>מיליליטרים</UnitQty>
      <Quantity>150.00</Quantity>
      <bIsWeighted>0</bIsWeighted>
      <UnitOfMeasure>100 מ"ל</UnitOfMeasure>
      <QtyInPackage>1</QtyInPackage>
      <ItemPrice>11.90</ItemPrice>
      <UnitOfMeasurePrice>7.94</UnitOfMeasurePrice>
      <AllowDiscount>1</AllowDiscount>
      <ItemStatus>1</ItemStatus>
    </Item>
    <Item>
      <PriceUpdateDate>2020-10-10 20:20</PriceUpdateDate>
      <ItemCode>7290108350982</ItemCode>
      <ItemType>1</ItemType>
      <ItemName>דאו.קרמה סטיק הגנה 75 גר</ItemName>
      <ManufacturerName>אמיליה קוסמטיקס בעמ</ManufacturerName>
      <ManufactureCountry>IL</ManufactureCountry>
      <ManufacturerItemDescription>דאודורנט קרמה</ManufacturerItemDescription>
      <UnitQty>גרמים</UnitQty>
      <Quantity>75.00</Quantity>
      <bIsWeighted>0</bIsWeighted>
      <UnitOfMeasure>100 גרם</UnitOfMeasure>
      <QtyInPackage>1</QtyInPackage>
      <ItemPrice>15.90</ItemPrice>
      <UnitOfMeasurePrice>21.20</UnitOfMeasurePrice>
      <AllowDiscount>1</AllowDiscount>
      <ItemStatus>1</ItemStatus>
    </Item>
    <Item>
      <PriceUpdateDate>2020-01-20 00:21</PriceUpdateDate>
      <ItemCode>7290108351156</ItemCode>
      <ItemType>1</ItemType>
      <ItemName>סנו ג'ט רצפות חומץ 1.5ל</ItemName>
      <ManufacturerName>סנו מפעלי ברונוס בע"\מ</ManufacturerName>
      <ManufactureCountry>IL</ManufactureCountry>
      <ManufacturerItemDescription>סנו ג'ט פלוס</ManufacturerItemDescription>
      <UnitQty>ליטרים</UnitQty>
      <Quantity>1.50</Quantity>
      <bIsWeighted>0</bIsWeighted>
      <UnitOfMeasure>ליטר</UnitOfMeasure>
      <QtyInPackage>1</QtyInPackage>
      <ItemPrice>13.90</ItemPrice>
      <UnitOfMeasurePrice>9.27</UnitOfMeasurePrice>
      <AllowDiscount>1</AllowDiscount>
      <ItemStatus>1</ItemStatus>
    </Item>
    <Item>
      <PriceUpdateDate>2020-10-10 19:40</PriceUpdateDate>
      <ItemCode>7290108351491</ItemCode>
      <ItemType>1</ItemType>
      <ItemName>אוקסיג'ן אבקה 720 גרם</ItemName>
      <ManufacturerName>סנו</ManufacturerName>
      <ManufactureCountry>IL</ManufactureCountry>
      <ManufacturerItemDescription>אוקסיג'ן אבקה</ManufacturerItemDescription>
      <UnitQty>גרמים</UnitQty>
      <Quantity>720.00</Quantity>
      <bIsWeighted>0</bIsWeighted>
      <UnitOfMeasure>100 גרם</UnitOfMeasure>
      <QtyInPackage>1</QtyInPackage>
      <ItemPrice>13.90</ItemPrice>
      <UnitOfMeasurePrice>1.93</UnitOfMeasurePrice>
      <AllowDiscount>1</AllowDiscount>
      <ItemStatus>1</ItemStatus>
    </Item>
    <Item>
      <PriceUpdateDate>2020-10-10 20:20</PriceUpdateDate>
      <ItemCode>7290108351569</ItemCode>
      <ItemType>1</ItemType>
      <ItemName>מקסימה למייבש בייבי750מל</ItemName>
      <ManufacturerName>סנו מפעלי ברונוס בע"\מ</ManufacturerName>
      <ManufactureCountry>IL</ManufactureCountry>
      <ManufacturerItemDescription>מקסימה למייבש</ManufacturerItemDescription>
      <UnitQty>מיליליטרים</UnitQty>
      <Quantity>750.00</Quantity>
      <bIsWeighted>0</bIsWeighted>
      <UnitOfMeasure>100 מ"ל</UnitOfMeasure>
      <QtyInPackage>1</QtyInPackage>
      <ItemPrice>14.90</ItemPrice>
      <UnitOfMeasurePrice>1.99</UnitOfMeasurePrice>
      <AllowDiscount>1</AllowDiscount>
      <ItemStatus>1</ItemStatus>
    </Item>
    <Item>
      <PriceUpdateDate>2020-01-20 00:21</PriceUpdateDate>
      <ItemCode>7290108351583</ItemCode>
      <ItemType>1</ItemType>
      <ItemName>סנו ג'ט מנקה אסלות 750מל</ItemName>
      <ManufacturerName>סנו מפעלי ברונו בעמ</ManufacturerName>
      <ManufactureCountry>IL</ManufactureCountry>
      <ManufacturerItemDescription>סנו ג'ט לאסלות</ManufacturerItemDescription>
      <UnitQty>מיליליטרים</UnitQty>
      <Quantity>750.00</Quantity>
      <bIsWeighted>0</bIsWeighted>
      <UnitOfMeasure>100 מ"ל</UnitOfMeasure>
      <QtyInPackage>1</QtyInPackage>
      <ItemPrice>11.90</ItemPrice>
      <UnitOfMeasurePrice>1.59</UnitOfMeasurePrice>
      <AllowDiscount>1</AllowDiscount>
      <ItemStatus>1</ItemStatus>
    </Item>
    <Item>
      <PriceUpdateDate>2020-03-22 11:54</PriceUpdateDate>
      <ItemCode>7290108351613</ItemCode>
      <ItemType>1</ItemType>
      <ItemName>ריצפז פרש הום בית מלון2ל</ItemName>
      <ManufacturerName>סנו מפעלי ברונוס בע"\מ</ManufacturerName>
      <ManufactureCountry>IL</ManufactureCountry>
      <ManufacturerItemDescription>ריצפז פרש הום</ManufacturerItemDescription>
      <UnitQty>ליטרים</UnitQty>
      <Quantity>2.00</Quantity>
      <bIsWeighted>0</bIsWeighted>
      <UnitOfMeasure>ליטר</UnitOfMeasure>
      <QtyInPackage>1</QtyInPackage>
      <ItemPrice>22.90</ItemPrice>
      <UnitOfMeasurePrice>11.45</UnitOfMeasurePrice>
      <AllowDiscount>1</AllowDiscount>
      <ItemStatus>1</ItemStatus>
    </Item>
    <Item>
      <PriceUpdateDate>2020-01-20 00:21</PriceUpdateDate>
      <ItemCode>7290108351620</ItemCode>
      <ItemType>1</ItemType>
      <ItemName>סנו פרש NO2 לוכד ריחות</ItemName>
      <ManufacturerName>סנו מפעלי ברונוס בע"\מ</ManufacturerName>
      <ManufactureCountry>IL</ManufactureCountry>
      <ManufacturerItemDescription>סנו פרש NO2</ManufacturerItemDescription>
      <UnitQty>מיליליטרים</UnitQty>
      <Quantity>60.00</Quantity>
      <bIsWeighted>0</bIsWeighted>
      <UnitOfMeasure>100 מ"ל</UnitOfMeasure>
      <QtyInPackage>1</QtyInPackage>
      <ItemPrice>13.90</ItemPrice>
      <UnitOfMeasurePrice>23.17</UnitOfMeasurePrice>
      <AllowDiscount>1</AllowDiscount>
      <ItemStatus>1</ItemStatus>
    </Item>
    <Item>
      <PriceUpdateDate>2020-10-10 19:40</PriceUpdateDate>
      <ItemCode>7290108351804</ItemCode>
      <ItemType>1</ItemType>
      <ItemName>מרכך כביסה ג'נטל בריז 1ל</ItemName>
      <ManufacturerName>סנו מפעלי ברונוס בעמ</ManufacturerName>
      <ManufactureCountry>IL</ManufactureCountry>
      <ManufacturerItemDescription>מרכך מקסימה</ManufacturerItemDescription>
      <UnitQty>ליטרים</UnitQty>
      <Quantity>1.00</Quantity>
      <bIsWeighted>0</bIsWeighted>
      <UnitOfMeasure>ליטר</UnitOfMeasure>
      <QtyInPackage>1</QtyInPackage>
      <ItemPrice>12.90</ItemPrice>
      <UnitOfMeasurePrice>12.90</UnitOfMeasurePrice>
      <AllowDiscount>1</AllowDiscount>
      <ItemStatus>1</ItemStatus>
    </Item>
    <Item>
      <PriceUpdateDate>2020-10-10 19:40</PriceUpdateDate>
      <ItemCode>7290108351811</ItemCode>
      <ItemType>1</ItemType>
      <ItemName>מרכך כביסה פלורל טאצ1ל</ItemName>
      <ManufacturerName>סנו מפעלי ברונוס בעמ</ManufacturerName>
      <ManufactureCountry>IL</ManufactureCountry>
      <ManufacturerItemDescription>מרכך מקסימה</ManufacturerItemDescription>
      <UnitQty>ליטרים</UnitQty>
      <Quantity>1.00</Quantity>
      <bIsWeighted>0</bIsWeighted>
      <UnitOfMeasure>ליטר</UnitOfMeasure>
      <QtyInPackage>1</QtyInPackage>
      <ItemPrice>12.90</ItemPrice>
      <UnitOfMeasurePrice>12.90</UnitOfMeasurePrice>
      <AllowDiscount>1</AllowDiscount>
      <ItemStatus>1</ItemStatus>
    </Item>
    <Item>
      <PriceUpdateDate>2020-02-07 05:39</PriceUpdateDate>
      <ItemCode>7290108351880</ItemCode>
      <ItemType>1</ItemType>
      <ItemName>POWDREER WHITEקרם גוף 2</ItemName>
      <ManufacturerName>כללי</ManufacturerName>
      <ManufactureCountry>IL</ManufactureCountry>
      <ManufacturerItemDescription>POWDREER WHITEק</ManufacturerItemDescription>
      <UnitQty>מיליליטרים</UnitQty>
      <Quantity>250.00</Quantity>
      <bIsWeighted>0</bIsWeighted>
      <UnitOfMeasure>100 מ"ל</UnitOfMeasure>
      <QtyInPackage>1</QtyInPackage>
      <ItemPrice>39.90</ItemPrice>
      <UnitOfMeasurePrice>15.96</UnitOfMeasurePrice>
      <AllowDiscount>1</AllowDiscount>
      <ItemStatus>1</ItemStatus>
    </Item>
    <Item>
      <PriceUpdateDate>2020-10-10 19:40</PriceUpdateDate>
      <ItemCode>7290108351996</ItemCode>
      <ItemType>1</ItemType>
      <ItemName>מתז בייבי 99% חיטוי 750מ</ItemName>
      <ManufacturerName>סנו מפעלי ברונוס בע"\מ</ManufacturerName>
      <ManufactureCountry>IL</ManufactureCountry>
      <ManufacturerItemDescription>מתז בייבי מחטא</ManufacturerItemDescription>
      <UnitQty>מיליליטרים</UnitQty>
      <Quantity>750.00</Quantity>
      <bIsWeighted>0</bIsWeighted>
      <UnitOfMeasure>100 מ"ל</UnitOfMeasure>
      <QtyInPackage>1</QtyInPackage>
      <ItemPrice>12.90</ItemPrice>
      <UnitOfMeasurePrice>1.72</UnitOfMeasurePrice>
      <AllowDiscount>1</AllowDiscount>
      <ItemStatus>1</ItemStatus>
    </Item>
    <Item>
      <PriceUpdateDate>2020-07-24 05:37</PriceUpdateDate>
      <ItemCode>7290108352078</ItemCode>
      <ItemType>1</ItemType>
      <ItemName>אורביטול שטיפה פרוטקט500</ItemName>
      <ManufacturerName>קוסמופארם בע'\'\מ</ManufacturerName>
      <ManufactureCountry>IL</ManufactureCountry>
      <ManufacturerItemDescription>אורביטול שטיפה</ManufacturerItemDescription>
      <UnitQty>מיליליטרים</UnitQty>
      <Quantity>500.00</Quantity>
      <bIsWeighted>0</bIsWeighted>
      <UnitOfMeasure>100 מ"ל</UnitOfMeasure>
      <QtyInPackage>1</QtyInPackage>
      <ItemPrice>25.90</ItemPrice>
      <UnitOfMeasurePrice>5.18</UnitOfMeasurePrice>
      <AllowDiscount>1</AllowDiscount>
      <ItemStatus>1</ItemStatus>
    </Item>
    <Item>
      <PriceUpdateDate>2020-07-24 05:37</PriceUpdateDate>
      <ItemCode>7290108352092</ItemCode>
      <ItemType>1</ItemType>
      <ItemName>מש.אורביטול פרוטקטיב145ג</ItemName>
      <ManufacturerName>טרופיקל דגיל תעשיות קוסמ</ManufacturerName>
      <ManufactureCountry>IL</ManufactureCountry>
      <ManufacturerItemDescription>משחת אורביטול</ManufacturerItemDescription>
      <UnitQty>גרמים</UnitQty>
      <Quantity>145.00</Quantity>
      <bIsWeighted>0</bIsWeighted>
      <UnitOfMeasure>100 גרם</UnitOfMeasure>
      <QtyInPackage>1</QtyInPackage>
      <ItemPrice>18.90</ItemPrice>
      <UnitOfMeasurePrice>13.03</UnitOfMeasurePrice>
      <AllowDiscount>1</AllowDiscount>
      <ItemStatus>1</ItemStatus>
    </Item>
    <Item>
      <PriceUpdateDate>2020-07-24 05:37</PriceUpdateDate>
      <ItemCode>7290108352108</ItemCode>
      <ItemType>1</ItemType>
      <ItemName>משחת אורביטול פרש 145 גר</ItemName>
      <ManufacturerName>טרופיקל דגיל תעשיות קוסמ</ManufacturerName>
      <ManufactureCountry>IL</ManufactureCountry>
      <ManufacturerItemDescription>משחת אורביטול</ManufacturerItemDescription>
      <UnitQty>גרמים</UnitQty>
      <Quantity>145.00</Quantity>
      <bIsWeighted>0</bIsWeighted>
      <UnitOfMeasure>100 גרם</UnitOfMeasure>
      <QtyInPackage>1</QtyInPackage>
      <ItemPrice>15.90</ItemPrice>
      <UnitOfMeasurePrice>10.97</UnitOfMeasurePrice>
      <AllowDiscount>1</AllowDiscount>
      <ItemStatus>1</ItemStatus>
    </Item>
    <Item>
      <PriceUpdateDate>2020-07-03 05:42</PriceUpdateDate>
      <ItemCode>7290108352207</ItemCode>
      <ItemType>1</ItemType>
      <ItemName>מקסימה קפסולות פלורל40יח</ItemName>
      <ManufacturerName>גליל כימיקלים, א.ת. צפונ</ManufacturerName>
      <ManufactureCountry>IL</ManufactureCountry>
      <ManufacturerItemDescription>מקסימה קפסולות</ManufacturerItemDescription>
      <UnitQty>יחידה</UnitQty>
      <Quantity>1.00</Quantity>
      <bIsWeighted>0</bIsWeighted>
      <UnitOfMeasure>יחידה</UnitOfMeasure>
      <QtyInPackage>1</QtyInPackage>
      <ItemPrice>39.90</ItemPrice>
      <UnitOfMeasurePrice>39.90</UnitOfMeasurePrice>
      <AllowDiscount>1</AllowDiscount>
      <ItemStatus>1</ItemStatus>
    </Item>
    <Item>
      <PriceUpdateDate>2020-05-22 05:40</PriceUpdateDate>
      <ItemCode>7290108352351</ItemCode>
      <ItemType>1</ItemType>
      <ItemName>תרסיס לחיטוי משטחים 400מ</ItemName>
      <ManufacturerName>סנו מפעלי ברונס בע"\מ</ManufacturerName>
      <ManufactureCountry>IL</ManufactureCountry>
      <ManufacturerItemDescription>תרסיס לחיטוי משט</ManufacturerItemDescription>
      <UnitQty>מיליליטרים</UnitQty>
      <Quantity>400.00</Quantity>
      <bIsWeighted>0</bIsWeighted>
      <UnitOfMeasure>100 מ"ל</UnitOfMeasure>
      <QtyInPackage>1</QtyInPackage>
      <ItemPrice>22.90</ItemPrice>
      <UnitOfMeasurePrice>5.73</UnitOfMeasurePrice>
      <AllowDiscount>1</AllowDiscount>
      <ItemStatus>1</ItemStatus>
    </Item>
    <Item>
      <PriceUpdateDate>2020-09-08 07:47</PriceUpdateDate>
      <ItemCode>7290108352405</ItemCode>
      <ItemType>1</ItemType>
      <ItemName>מבשם לבית ולטקסטיל 300 מ</ItemName>
      <ManufacturerName>סנו מפעלי ברונוס בעמ</ManufacturerName>
      <ManufactureCountry>IL</ManufactureCountry>
      <ManufacturerItemDescription>מבשם לבית</ManufacturerItemDescription>
      <UnitQty>מיליליטרים</UnitQty>
      <Quantity>300.00</Quantity>
      <bIsWeighted>0</bIsWeighted>
      <UnitOfMeasure>100 מ"ל</UnitOfMeasure>
      <QtyInPackage>1</QtyInPackage>
      <ItemPrice>15.90</ItemPrice>
      <UnitOfMeasurePrice>5.30</UnitOfMeasurePrice>
      <AllowDiscount>1</AllowDiscount>
      <ItemStatus>1</ItemStatus>
    </Item>
    <Item>
      <PriceUpdateDate>2020-09-08 07:47</PriceUpdateDate>
      <ItemCode>7290108352412</ItemCode>
      <ItemType>1</ItemType>
      <ItemName>מבשם לבית ולטקסטיל 300 מ</ItemName>
      <ManufacturerName>סנו מפעלי ברונוס בעמ</ManufacturerName>
      <ManufactureCountry>IL</ManufactureCountry>
      <ManufacturerItemDescription>מבשם לבית</ManufacturerItemDescription>
      <UnitQty>מיליליטרים</UnitQty>
      <Quantity>300.00</Quantity>
      <bIsWeighted>0</bIsWeighted>
      <UnitOfMeasure>100 מ"ל</UnitOfMeasure>
      <QtyInPackage>1</QtyInPackage>
      <ItemPrice>15.90</ItemPrice>
      <UnitOfMeasurePrice>5.30</UnitOfMeasurePrice>
      <AllowDiscount>1</AllowDiscount>
      <ItemStatus>1</ItemStatus>
    </Item>
    <Item>
      <PriceUpdateDate>2020-09-08 07:47</PriceUpdateDate>
      <ItemCode>7290108352429</ItemCode>
      <ItemType>1</ItemType>
      <ItemName>מבשם לבית ולטקסטיל 300 מ</ItemName>
      <ManufacturerName>סנו מפעלי ברונוס בעמ</ManufacturerName>
      <ManufactureCountry>IL</ManufactureCountry>
      <ManufacturerItemDescription>מבשם  לבית</ManufacturerItemDescription>
      <UnitQty>מיליליטרים</UnitQty>
      <Quantity>300.00</Quantity>
      <bIsWeighted>0</bIsWeighted>
      <UnitOfMeasure>100 מ"ל</UnitOfMeasure>
      <QtyInPackage>1</QtyInPackage>
      <ItemPrice>15.90</ItemPrice>
      <UnitOfMeasurePrice>5.30</UnitOfMeasurePrice>
      <AllowDiscount>1</AllowDiscount>
      <ItemStatus>1</ItemStatus>
    </Item>
    <Item>
      <PriceUpdateDate>2020-01-20 00:21</PriceUpdateDate>
      <ItemCode>7290108352825</ItemCode>
      <ItemType>1</ItemType>
      <ItemName>ספוג הפלא לנירוסטה 3יח</ItemName>
      <ManufacturerName>ltdn s.k.a.tסנו מפעלי בר</ManufacturerName>
      <ManufactureCountry>CN</ManufactureCountry>
      <ManufacturerItemDescription>ספוג הפלא נירוסט</ManufacturerItemDescription>
      <UnitQty>יחידה</UnitQty>
      <Quantity>1.00</Quantity>
      <bIsWeighted>0</bIsWeighted>
      <UnitOfMeasure>יחידה</UnitOfMeasure>
      <QtyInPackage>1</QtyInPackage>
      <ItemPrice>11.90</ItemPrice>
      <UnitOfMeasurePrice>11.90</UnitOfMeasurePrice>
      <AllowDiscount>1</AllowDiscount>
      <ItemStatus>1</ItemStatus>
    </Item>
    <Item>
      <PriceUpdateDate>2020-10-10 19:40</PriceUpdateDate>
      <ItemCode>7290108353099</ItemCode>
      <ItemType>1</ItemType>
      <ItemName>ממחטות אף סופט 5 * 100יח</ItemName>
      <ManufacturerName>איימי פייפר</ManufacturerName>
      <ManufactureCountry>CN</ManufactureCountry>
      <ManufacturerItemDescription>ממחטות סופט מארז</ManufacturerItemDescription>
      <UnitQty>יחידה</UnitQty>
      <Quantity>1.00</Quantity>
      <bIsWeighted>0</bIsWeighted>
      <UnitOfMeasure>יחידה</UnitOfMeasure>
      <QtyInPackage>1</QtyInPackage>
      <ItemPrice>12.90</ItemPrice>
      <UnitOfMeasurePrice>12.90</UnitOfMeasurePrice>
      <AllowDiscount>1</AllowDiscount>
      <ItemStatus>1</ItemStatus>
    </Item>
    <Item>
      <PriceUpdateDate>2020-10-10 20:20</PriceUpdateDate>
      <ItemCode>7290108353334</ItemCode>
      <ItemType>1</ItemType>
      <ItemName>כיף שמפו למניעת קשקש700מ</ItemName>
      <ManufacturerName>קוסמופארם</ManufacturerName>
      <ManufactureCountry>IL</ManufactureCountry>
      <ManufacturerItemDescription>כיף שמפו</ManufacturerItemDescription>
      <UnitQty>מיליליטרים</UnitQty>
      <Quantity>700.00</Quantity>
      <bIsWeighted>0</bIsWeighted>
      <UnitOfMeasure>100 מ"ל</UnitOfMeasure>
      <QtyInPackage>1</QtyInPackage>
      <ItemPrice>9.90</ItemPrice>
      <UnitOfMeasurePrice>1.42</UnitOfMeasurePrice>
      <AllowDiscount>1</AllowDiscount>
      <ItemStatus>1</ItemStatus>
    </Item>
    <Item>
      <PriceUpdateDate>2020-08-27 10:02</PriceUpdateDate>
      <ItemCode>7290108354034</ItemCode>
      <ItemType>1</ItemType>
      <ItemName>סבון ידיים קרמה שיאה300מ</ItemName>
      <ManufacturerName>קוסמופארם בע"\מ</ManufacturerName>
      <ManufactureCountry>IL</ManufactureCountry>
      <ManufacturerItemDescription>סבון ידיים קרמה</ManufacturerItemDescription>
      <UnitQty>מיליליטרים</UnitQty>
      <Quantity>300.00</Quantity>
      <bIsWeighted>0</bIsWeighted>
      <UnitOfMeasure>100 מ"ל</UnitOfMeasure>
      <QtyInPackage>1</QtyInPackage>
      <ItemPrice>10.90</ItemPrice>
      <UnitOfMeasurePrice>3.63</UnitOfMeasurePrice>
      <AllowDiscount>1</AllowDiscount>
      <ItemStatus>1</ItemStatus>
    </Item>
    <Item>
      <PriceUpdateDate>2020-09-04 05:41</PriceUpdateDate>
      <ItemCode>7290108354355</ItemCode>
      <ItemType>1</ItemType>
      <ItemName>סנו מדיק מגבונים היגייני</ItemName>
      <ManufacturerName>דן - מור חומרי טבע וכימי</ManufacturerName>
      <ManufactureCountry>IL</ManufactureCountry>
      <ManufacturerItemDescription>סנו מדיק מגבונים</ManufacturerItemDescription>
      <UnitQty>יחידה</UnitQty>
      <Quantity>1.00</Quantity>
      <bIsWeighted>0</bIsWeighted>
      <UnitOfMeasure>יחידה</UnitOfMeasure>
      <QtyInPackage>1</QtyInPackage>
      <ItemPrice>10.90</ItemPrice>
      <UnitOfMeasurePrice>10.90</UnitOfMeasurePrice>
      <AllowDiscount>1</AllowDiscount>
      <ItemStatus>1</ItemStatus>
    </Item>
    <Item>
      <PriceUpdateDate>2020-04-12 11:40</PriceUpdateDate>
      <ItemCode>7290108354751</ItemCode>
      <ItemType>1</ItemType>
      <ItemName>סנו ג'ט בתוספת סודה750מל</ItemName>
      <ManufacturerName>סנו מפעלי ברונוס בע"\מ</ManufacturerName>
      <ManufactureCountry>IL</ManufactureCountry>
      <ManufacturerItemDescription>סנו ג'ט עם סודה</ManufacturerItemDescription>
      <UnitQty>מיליליטרים</UnitQty>
      <Quantity>750.00</Quantity>
      <bIsWeighted>0</bIsWeighted>
      <UnitOfMeasure>100 מ"ל</UnitOfMeasure>
      <QtyInPackage>1</QtyInPackage>
      <ItemPrice>15.90</ItemPrice>
      <UnitOfMeasurePrice>2.12</UnitOfMeasurePrice>
      <AllowDiscount>1</AllowDiscount>
      <ItemStatus>1</ItemStatus>
    </Item>
    <Item>
      <PriceUpdateDate>2020-04-12 05:35</PriceUpdateDate>
      <ItemCode>7290108354911</ItemCode>
      <ItemType>1</ItemType>
      <ItemName>קרמה ג'ל רחצה וגילוח 700</ItemName>
      <ManufacturerName>קוסמופארם בע"\מ</ManufacturerName>
      <ManufactureCountry>IL</ManufactureCountry>
      <ManufacturerItemDescription>קרמה 3ב1</ManufacturerItemDescription>
      <UnitQty>מיליליטרים</UnitQty>
      <Quantity>700.00</Quantity>
      <bIsWeighted>0</bIsWeighted>
      <UnitOfMeasure>100 מ"ל</UnitOfMeasure>
      <QtyInPackage>1</QtyInPackage>
      <ItemPrice>20.90</ItemPrice>
      <UnitOfMeasurePrice>2.99</UnitOfMeasurePrice>
      <AllowDiscount>1</AllowDiscount>
      <ItemStatus>1</ItemStatus>
    </Item>
    <Item>
      <PriceUpdateDate>2020-08-27 10:02</PriceUpdateDate>
      <ItemCode>7290108354973</ItemCode>
      <ItemType>1</ItemType>
      <ItemName>סב.ידיים קרמה ורד 300מל</ItemName>
      <ManufacturerName>קוסמופארם בע"\מ</ManufacturerName>
      <ManufactureCountry>IL</ManufactureCountry>
      <ManufacturerItemDescription>סבון ידיים קרמה</ManufacturerItemDescription>
      <UnitQty>מיליליטרים</UnitQty>
      <Quantity>300.00</Quantity>
      <bIsWeighted>0</bIsWeighted>
      <UnitOfMeasure>100 מ"ל</UnitOfMeasure>
      <QtyInPackage>1</QtyInPackage>
      <ItemPrice>10.90</ItemPrice>
      <UnitOfMeasurePrice>3.63</UnitOfMeasurePrice>
      <AllowDiscount>1</AllowDiscount>
      <ItemStatus>1</ItemStatus>
    </Item>
    <Item>
      <PriceUpdateDate>2020-10-10 20:20</PriceUpdateDate>
      <ItemCode>7290108355000</ItemCode>
      <ItemType>1</ItemType>
      <ItemName>שמפו נקה 7 מיניונים 750</ItemName>
      <ManufacturerName>אמיליה קוסמטיקס</ManufacturerName>
      <ManufactureCountry>IL</ManufactureCountry>
      <ManufacturerItemDescription>שמפו נקה7</ManufacturerItemDescription>
      <UnitQty>מיליליטרים</UnitQty>
      <Quantity>750.00</Quantity>
      <bIsWeighted>0</bIsWeighted>
      <UnitOfMeasure>100 מ"ל</UnitOfMeasure>
      <QtyInPackage>1</QtyInPackage>
      <ItemPrice>9.90</ItemPrice>
      <UnitOfMeasurePrice>1.32</UnitOfMeasurePrice>
      <AllowDiscount>1</AllowDiscount>
      <ItemStatus>1</ItemStatus>
    </Item>
    <Item>
      <PriceUpdateDate>2020-10-10 20:20</PriceUpdateDate>
      <ItemCode>7290108355024</ItemCode>
      <ItemType>1</ItemType>
      <ItemName>שמפו+מרכך נקה7מיניוני750</ItemName>
      <ManufacturerName>קוסמופארם בע'\'\מ</ManufacturerName>
      <ManufactureCountry>IL</ManufactureCountry>
      <ManufacturerItemDescription>שמפו +מרכך נקה7</ManufacturerItemDescription>
      <UnitQty>מיליליטרים</UnitQty>
      <Quantity>750.00</Quantity>
      <bIsWeighted>0</bIsWeighted>
      <UnitOfMeasure>100 מ"ל</UnitOfMeasure>
      <QtyInPackage>1</QtyInPackage>
      <ItemPrice>9.90</ItemPrice>
      <UnitOfMeasurePrice>1.32</UnitOfMeasurePrice>
      <AllowDiscount>1</AllowDiscount>
      <ItemStatus>1</ItemStatus>
    </Item>
    <Item>
      <PriceUpdateDate>2020-10-10 20:20</PriceUpdateDate>
      <ItemCode>7290108355031</ItemCode>
      <ItemType>1</ItemType>
      <ItemName>אל סבון נקה7 מיניונים750</ItemName>
      <ManufacturerName>קוסמופארם בע'\'\מ</ManufacturerName>
      <ManufactureCountry>IL</ManufactureCountry>
      <ManufacturerItemDescription>אל סבון נקה7</ManufacturerItemDescription>
      <UnitQty>מיליליטרים</UnitQty>
      <Quantity>750.00</Quantity>
      <bIsWeighted>0</bIsWeighted>
      <UnitOfMeasure>100 מ"ל</UnitOfMeasure>
      <QtyInPackage>1</QtyInPackage>
      <ItemPrice>9.90</ItemPrice>
      <UnitOfMeasurePrice>1.32</UnitOfMeasurePrice>
      <AllowDiscount>1</AllowDiscount>
      <ItemStatus>1</ItemStatus>
    </Item>
    <Item>
      <PriceUpdateDate>2020-10-10 20:20</PriceUpdateDate>
      <ItemCode>7290108355116</ItemCode>
      <ItemType>1</ItemType>
      <ItemName>בייבי כיף לפני שינה750מל</ItemName>
      <ManufacturerName>קוסמופארם</ManufacturerName>
      <ManufactureCountry>IL</ManufactureCountry>
      <ManufacturerItemDescription>בייבי כיף אלסבון</ManufacturerItemDescription>
      <UnitQty>מיליליטרים</UnitQty>
      <Quantity>750.00</Quantity>
      <bIsWeighted>0</bIsWeighted>
      <UnitOfMeasure>100 מ"ל</UnitOfMeasure>
      <QtyInPackage>1</QtyInPackage>
      <ItemPrice>16.90</ItemPrice>
      <UnitOfMeasurePrice>2.25</UnitOfMeasurePrice>
      <AllowDiscount>1</AllowDiscount>
      <ItemStatus>1</ItemStatus>
    </Item>
    <Item>
      <PriceUpdateDate>2020-10-10 20:20</PriceUpdateDate>
      <ItemCode>7290108355123</ItemCode>
      <ItemType>1</ItemType>
      <ItemName>בייב.כיף ק.גוף ל.שינה500</ItemName>
      <ManufacturerName>קוסמופארם</ManufacturerName>
      <ManufactureCountry>IL</ManufactureCountry>
      <ManufacturerItemDescription>קרם גוף בייבי</ManufacturerItemDescription>
      <UnitQty>מיליליטרים</UnitQty>
      <Quantity>500.00</Quantity>
      <bIsWeighted>0</bIsWeighted>
      <UnitOfMeasure>100 מ"ל</UnitOfMeasure>
      <QtyInPackage>1</QtyInPackage>
      <ItemPrice>21.90</ItemPrice>
      <UnitOfMeasurePrice>4.38</UnitOfMeasurePrice>
      <AllowDiscount>1</AllowDiscount>
      <ItemStatus>1</ItemStatus>
    </Item>
    <Item>
      <PriceUpdateDate>2020-10-10 20:20</PriceUpdateDate>
      <ItemCode>7290108355154</ItemCode>
      <ItemType>1</ItemType>
      <ItemName>שמפו נקה 7 שמני הזנה 750</ItemName>
      <ManufacturerName>קוסמופארם בעמ</ManufacturerName>
      <ManufactureCountry>IL</ManufactureCountry>
      <ManufacturerItemDescription>שמפו נקה 7</ManufacturerItemDescription>
      <UnitQty>מיליליטרים</UnitQty>
      <Quantity>750.00</Quantity>
      <bIsWeighted>0</bIsWeighted>
      <UnitOfMeasure>100 מ"ל</UnitOfMeasure>
      <QtyInPackage>1</QtyInPackage>
      <ItemPrice>9.90</ItemPrice>
      <UnitOfMeasurePrice>1.32</UnitOfMeasurePrice>
      <AllowDiscount>1</AllowDiscount>
      <ItemStatus>1</ItemStatus>
    </Item>
    <Item>
      <PriceUpdateDate>2020-10-10 20:20</PriceUpdateDate>
      <ItemCode>7290108355161</ItemCode>
      <ItemType>1</ItemType>
      <ItemName>מרכך נקה 7 שמני הזנה 750</ItemName>
      <ManufacturerName>קוסמופארם בעמ</ManufacturerName>
      <ManufactureCountry>IL</ManufactureCountry>
      <ManufacturerItemDescription>מרכך נקה 7</ManufacturerItemDescription>
      <UnitQty>מיליליטרים</UnitQty>
      <Quantity>750.00</Quantity>
      <bIsWeighted>0</bIsWeighted>
      <UnitOfMeasure>100 מ"ל</UnitOfMeasure>
      <QtyInPackage>1</QtyInPackage>
      <ItemPrice>9.90</ItemPrice>
      <UnitOfMeasurePrice>1.32</UnitOfMeasurePrice>
      <AllowDiscount>1</AllowDiscount>
      <ItemStatus>1</ItemStatus>
    </Item>
    <Item>
      <PriceUpdateDate>2020-01-20 00:14</PriceUpdateDate>
      <ItemCode>7290108355185</ItemCode>
      <ItemType>1</ItemType>
      <ItemName>מסכה קרטין נטורל 350מ"ל</ItemName>
      <ManufacturerName>קוסמופארם</ManufacturerName>
      <ManufactureCountry>IL</ManufactureCountry>
      <ManufacturerItemDescription>מסכה נטורל פורמו</ManufacturerItemDescription>
      <UnitQty>מיליליטרים</UnitQty>
      <Quantity>350.00</Quantity>
      <bIsWeighted>0</bIsWeighted>
      <UnitOfMeasure>100 מ"ל</UnitOfMeasure>
      <QtyInPackage>1</QtyInPackage>
      <ItemPrice>37.90</ItemPrice>
      <UnitOfMeasurePrice>10.83</UnitOfMeasurePrice>
      <AllowDiscount>1</AllowDiscount>
      <ItemStatus>1</ItemStatus>
    </Item>
    <Item>
      <PriceUpdateDate>2020-01-20 00:14</PriceUpdateDate>
      <ItemCode>7290108355192</ItemCode>
      <ItemType>1</ItemType>
      <ItemName>מרכך קרטין נטורל 400 מ"ל</ItemName>
      <ManufacturerName>קוסמופארם</ManufacturerName>
      <ManufactureCountry>IL</ManufactureCountry>
      <ManufacturerItemDescription>מרכך נטורל פורמו</ManufacturerItemDescription>
      <UnitQty>מיליליטרים</UnitQty>
      <Quantity>400.00</Quantity>
      <bIsWeighted>0</bIsWeighted>
      <UnitOfMeasure>100 מ"ל</UnitOfMeasure>
      <QtyInPackage>1</QtyInPackage>
      <ItemPrice>28.90</ItemPrice>
      <UnitOfMeasurePrice>7.23</UnitOfMeasurePrice>
      <AllowDiscount>1</AllowDiscount>
      <ItemStatus>1</ItemStatus>
    </Item>
    <Item>
      <PriceUpdateDate>2020-01-20 00:14</PriceUpdateDate>
      <ItemCode>7290108355208</ItemCode>
      <ItemType>1</ItemType>
      <ItemName>שמפו קרטין נטורל 400 מ"ל</ItemName>
      <ManufacturerName>קוסמופארם</ManufacturerName>
      <ManufactureCountry>IL</ManufactureCountry>
      <ManufacturerItemDescription>שמפו נטורל פורמו</ManufacturerItemDescription>
      <UnitQty>מיליליטרים</UnitQty>
      <Quantity>400.00</Quantity>
      <bIsWeighted>0</bIsWeighted>
      <UnitOfMeasure>100 מ"ל</UnitOfMeasure>
      <QtyInPackage>1</QtyInPackage>
      <ItemPrice>28.90</ItemPrice>
      <UnitOfMeasurePrice>7.23</UnitOfMeasurePrice>
      <AllowDiscount>1</AllowDiscount>
      <ItemStatus>1</ItemStatus>
    </Item>
    <Item>
      <PriceUpdateDate>2020-01-20 00:14</PriceUpdateDate>
      <ItemCode>7290108355260</ItemCode>
      <ItemType>1</ItemType>
      <ItemName>נקה7שמפו+גל רחצה+סבון750</ItemName>
      <ManufacturerName>קוסמופארם</ManufacturerName>
      <ManufactureCountry>IL</ManufactureCountry>
      <ManufacturerItemDescription>נקה7 שמפו/לרחצה</ManufacturerItemDescription>
      <UnitQty>מיליליטרים</UnitQty>
      <Quantity>750.00</Quantity>
      <bIsWeighted>0</bIsWeighted>
      <UnitOfMeasure>100 מ"ל</UnitOfMeasure>
      <QtyInPackage>1</QtyInPackage>
      <ItemPrice>11.50</ItemPrice>
      <UnitOfMeasurePrice>1.53</UnitOfMeasurePrice>
      <AllowDiscount>1</AllowDiscount>
      <ItemStatus>1</ItemStatus>
    </Item>
    <Item>
      <PriceUpdateDate>2020-06-23 11:46</PriceUpdateDate>
      <ItemCode>7290108355703</ItemCode>
      <ItemType>1</ItemType>
      <ItemName>קרליין בודי מיסט 250 מ"ל</ItemName>
      <ManufacturerName>פאר פארם בעמ</ManufacturerName>
      <ManufactureCountry>IL</ManufactureCountry>
      <ManufacturerItemDescription>קרליין בודי מיסט</ManufacturerItemDescription>
      <UnitQty>מיליליטרים</UnitQty>
      <Quantity>250.00</Quantity>
      <bIsWeighted>0</bIsWeighted>
      <UnitOfMeasure>100 מ"ל</UnitOfMeasure>
      <QtyInPackage>1</QtyInPackage>
      <ItemPrice>39.90</ItemPrice>
      <UnitOfMeasurePrice>15.96</UnitOfMeasurePrice>
      <AllowDiscount>1</AllowDiscount>
      <ItemStatus>1</ItemStatus>
    </Item>
    <Item>
      <PriceUpdateDate>2020-06-23 11:46</PriceUpdateDate>
      <ItemCode>7290108355741</ItemCode>
      <ItemType>1</ItemType>
      <ItemName>קרליין קרם גוף מבושם 250</ItemName>
      <ManufacturerName>פאר פארם בעמ</ManufacturerName>
      <ManufactureCountry>IL</ManufactureCountry>
      <ManufacturerItemDescription>קרם גוף מבושם</ManufacturerItemDescription>
      <UnitQty>מיליליטרים</UnitQty>
      <Quantity>250.00</Quantity>
      <bIsWeighted>0</bIsWeighted>
      <UnitOfMeasure>100 מ"ל</UnitOfMeasure>
      <QtyInPackage>1</QtyInPackage>
      <ItemPrice>24.90</ItemPrice>
      <UnitOfMeasurePrice>9.96</UnitOfMeasurePrice>
      <AllowDiscount>1</AllowDiscount>
      <ItemStatus>1</ItemStatus>
    </Item>
    <Item>
      <PriceUpdateDate>2020-08-27 12:13</PriceUpdateDate>
      <ItemCode>7290108355802</ItemCode>
      <ItemType>1</ItemType>
      <ItemName>תח.רחצה קרמה ורד וניל700</ItemName>
      <ManufacturerName>קוסמופארם בעמ</ManufacturerName>
      <ManufactureCountry>IL</ManufactureCountry>
      <ManufacturerItemDescription>תחליב רחצה קרמה</ManufacturerItemDescription>
      <UnitQty>מיליליטרים</UnitQty>
      <Quantity>700.00</Quantity>
      <bIsWeighted>0</bIsWeighted>
      <UnitOfMeasure>100 מ"ל</UnitOfMeasure>
      <QtyInPackage>1</QtyInPackage>
      <ItemPrice>17.90</ItemPrice>
      <UnitOfMeasurePrice>2.56</UnitOfMeasurePrice>
      <AllowDiscount>1</AllowDiscount>
      <ItemStatus>1</ItemStatus>
    </Item>
    <Item>
      <PriceUpdateDate>2020-08-27 12:13</PriceUpdateDate>
      <ItemCode>7290108355932</ItemCode>
      <ItemType>1</ItemType>
      <ItemName>תח.רחצה קרמה אשכולית700</ItemName>
      <ManufacturerName>קוסמופארם בעמ</ManufacturerName>
      <ManufactureCountry>IL</ManufactureCountry>
      <ManufacturerItemDescription>תחליב רחצה קרמה</ManufacturerItemDescription>
      <UnitQty>מיליליטרים</UnitQty>
      <Quantity>700.00</Quantity>
      <bIsWeighted>0</bIsWeighted>
      <UnitOfMeasure>100 מ"ל</UnitOfMeasure>
      <QtyInPackage>1</QtyInPackage>
      <ItemPrice>17.90</ItemPrice>
      <UnitOfMeasurePrice>2.56</UnitOfMeasurePrice>
      <AllowDiscount>1</AllowDiscount>
      <ItemStatus>1</ItemStatus>
    </Item>
    <Item>
      <PriceUpdateDate>2020-01-20 00:14</PriceUpdateDate>
      <ItemCode>7290108356007</ItemCode>
      <ItemType>1</ItemType>
      <ItemName>כיף תחליב רחצה מרשמלו700</ItemName>
      <ManufacturerName>קוסמופארם</ManufacturerName>
      <ManufactureCountry>IL</ManufactureCountry>
      <ManufacturerItemDescription>כיף תחליב רחצה</ManufacturerItemDescription>
      <UnitQty>מיליליטרים</UnitQty>
      <Quantity>700.00</Quantity>
      <bIsWeighted>0</bIsWeighted>
      <UnitOfMeasure>100 מ"ל</UnitOfMeasure>
      <QtyInPackage>1</QtyInPackage>
      <ItemPrice>12.90</ItemPrice>
      <UnitOfMeasurePrice>1.84</UnitOfMeasurePrice>
      <AllowDiscount>1</AllowDiscount>
      <ItemStatus>1</ItemStatus>
    </Item>
    <Item>
      <PriceUpdateDate>2020-01-20 00:14</PriceUpdateDate>
      <ItemCode>7290108356021</ItemCode>
      <ItemType>1</ItemType>
      <ItemName>כיף תחליב רחצה עוגיות700</ItemName>
      <ManufacturerName>קוסמופארם</ManufacturerName>
      <ManufactureCountry>IL</ManufactureCountry>
      <ManufacturerItemDescription>כיף תחליב רחצה</ManufacturerItemDescription>
      <UnitQty>מיליליטרים</UnitQty>
      <Quantity>700.00</Quantity>
      <bIsWeighted>0</bIsWeighted>
      <UnitOfMeasure>100 מ"ל</UnitOfMeasure>
      <QtyInPackage>1</QtyInPackage>
      <ItemPrice>12.90</ItemPrice>
      <UnitOfMeasurePrice>1.84</UnitOfMeasurePrice>
      <AllowDiscount>1</AllowDiscount>
      <ItemStatus>1</ItemStatus>
    </Item>
    <Item>
      <PriceUpdateDate>2020-10-10 20:20</PriceUpdateDate>
      <ItemCode>7290108356113</ItemCode>
      <ItemType>1</ItemType>
      <ItemName>כיף תחליב רח.חלב ודבש700</ItemName>
      <ManufacturerName>קוסמופארם</ManufacturerName>
      <ManufactureCountry>IL</ManufactureCountry>
      <ManufacturerItemDescription>כיף תחליב רחצה</ManufacturerItemDescription>
      <UnitQty>מיליליטרים</UnitQty>
      <Quantity>700.00</Quantity>
      <bIsWeighted>0</bIsWeighted>
      <UnitOfMeasure>100 מ"ל</UnitOfMeasure>
      <QtyInPackage>1</QtyInPackage>
      <ItemPrice>9.90</ItemPrice>
      <UnitOfMeasurePrice>1.41</UnitOfMeasurePrice>
      <AllowDiscount>1</AllowDiscount>
      <ItemStatus>1</ItemStatus>
    </Item>
    <Item>
      <PriceUpdateDate>2020-10-10 20:20</PriceUpdateDate>
      <ItemCode>7290108356120</ItemCode>
      <ItemType>1</ItemType>
      <ItemName>כיף תחליב רחצה קוקוס700</ItemName>
      <ManufacturerName>קוסמופארם</ManufacturerName>
      <ManufactureCountry>IL</ManufactureCountry>
      <ManufacturerItemDescription>כיף תחליב רחצה</ManufacturerItemDescription>
      <UnitQty>מיליליטרים</UnitQty>
      <Quantity>700.00</Quantity>
      <bIsWeighted>0</bIsWeighted>
      <UnitOfMeasure>100 מ"ל</UnitOfMeasure>
      <QtyInPackage>1</QtyInPackage>
      <ItemPrice>9.90</ItemPrice>
      <UnitOfMeasurePrice>1.41</UnitOfMeasurePrice>
      <AllowDiscount>1</AllowDiscount>
      <ItemStatus>1</ItemStatus>
    </Item>
    <Item>
      <PriceUpdateDate>2020-05-22 05:40</PriceUpdateDate>
      <ItemCode>7290108356144</ItemCode>
      <ItemType>1</ItemType>
      <ItemName>כיף תחל.רחצה שמן אמבר700</ItemName>
      <ManufacturerName>קוסמופארם בעמ</ManufacturerName>
      <ManufactureCountry>IL</ManufactureCountry>
      <ManufacturerItemDescription>כיף תחליב רחצה</ManufacturerItemDescription>
      <UnitQty>מיליליטרים</UnitQty>
      <Quantity>700.00</Quantity>
      <bIsWeighted>0</bIsWeighted>
      <UnitOfMeasure>100 מ"ל</UnitOfMeasure>
      <QtyInPackage>1</QtyInPackage>
      <ItemPrice>12.90</ItemPrice>
      <UnitOfMeasurePrice>1.84</UnitOfMeasurePrice>
      <AllowDiscount>1</AllowDiscount>
      <ItemStatus>1</ItemStatus>
    </Item>
    <Item>
      <PriceUpdateDate>2020-10-10 20:20</PriceUpdateDate>
      <ItemCode>7290108356151</ItemCode>
      <ItemType>1</ItemType>
      <ItemName>כיף תחליב רחצה מאסק700מ</ItemName>
      <ManufacturerName>קוסמופארם</ManufacturerName>
      <ManufactureCountry>IL</ManufactureCountry>
      <ManufacturerItemDescription>כיף תחליב רחצה</ManufacturerItemDescription>
      <UnitQty>מיליליטרים</UnitQty>
      <Quantity>700.00</Quantity>
      <bIsWeighted>0</bIsWeighted>
      <UnitOfMeasure>100 מ"ל</UnitOfMeasure>
      <QtyInPackage>1</QtyInPackage>
      <ItemPrice>9.90</ItemPrice>
      <UnitOfMeasurePrice>1.41</UnitOfMeasurePrice>
      <AllowDiscount>1</AllowDiscount>
      <ItemStatus>1</ItemStatus>
    </Item>
    <Item>
      <PriceUpdateDate>2020-10-10 20:20</PriceUpdateDate>
      <ItemCode>7290108356168</ItemCode>
      <ItemType>1</ItemType>
      <ItemName>כיף תחליב רח.אוקיינוס700</ItemName>
      <ManufacturerName>קוסמופארם</ManufacturerName>
      <ManufactureCountry>IL</ManufactureCountry>
      <ManufacturerItemDescription>כיף תחליב רחצה</ManufacturerItemDescription>
      <UnitQty>מיליליטרים</UnitQty>
      <Quantity>700.00</Quantity>
      <bIsWeighted>0</bIsWeighted>
      <UnitOfMeasure>100 מ"ל</UnitOfMeasure>
      <QtyInPackage>1</QtyInPackage>
      <ItemPrice>9.90</ItemPrice>
      <UnitOfMeasurePrice>1.41</UnitOfMeasurePrice>
      <AllowDiscount>1</AllowDiscount>
      <ItemStatus>1</ItemStatus>
    </Item>
    <Item>
      <PriceUpdateDate>2020-10-10 20:20</PriceUpdateDate>
      <ItemCode>7290108356175</ItemCode>
      <ItemType>1</ItemType>
      <ItemName>אל סבון כיף אבטיח 1 ליטר</ItemName>
      <ManufacturerName>קוסמופארם בע'\'\מ</ManufacturerName>
      <ManufactureCountry>IL</ManufactureCountry>
      <ManufacturerItemDescription>אל סבון כיף</ManufacturerItemDescription>
      <UnitQty>ליטרים</UnitQty>
      <Quantity>1.00</Quantity>
      <bIsWeighted>0</bIsWeighted>
      <UnitOfMeasure>ליטר</UnitOfMeasure>
      <QtyInPackage>1</QtyInPackage>
      <ItemPrice>11.90</ItemPrice>
      <UnitOfMeasurePrice>11.90</UnitOfMeasurePrice>
      <AllowDiscount>1</AllowDiscount>
      <ItemStatus>1</ItemStatus>
    </Item>
    <Item>
      <PriceUpdateDate>2020-10-10 20:20</PriceUpdateDate>
      <ItemCode>7290108356182</ItemCode>
      <ItemType>1</ItemType>
      <ItemName>אל סבון כיף תאנה 1 ליטר</ItemName>
      <ManufacturerName>קוסמופארם בע'\'\מ</ManufacturerName>
      <ManufactureCountry>IL</ManufactureCountry>
      <ManufacturerItemDescription>אל סבון כיף</ManufacturerItemDescription>
      <UnitQty>ליטרים</UnitQty>
      <Quantity>1.00</Quantity>
      <bIsWeighted>0</bIsWeighted>
      <UnitOfMeasure>ליטר</UnitOfMeasure>
      <QtyInPackage>1</QtyInPackage>
      <ItemPrice>11.90</ItemPrice>
      <UnitOfMeasurePrice>11.90</UnitOfMeasurePrice>
      <AllowDiscount>1</AllowDiscount>
      <ItemStatus>1</ItemStatus>
    </Item>
    <Item>
      <PriceUpdateDate>2020-10-10 20:20</PriceUpdateDate>
      <ItemCode>7290108356199</ItemCode>
      <ItemType>1</ItemType>
      <ItemName>אל סבון כיף אפרסק 1 ליטר</ItemName>
      <ManufacturerName>קוסמופארם בע'\'\מ</ManufacturerName>
      <ManufactureCountry>IL</ManufactureCountry>
      <ManufacturerItemDescription>אל סבון כיף</ManufacturerItemDescription>
      <UnitQty>ליטרים</UnitQty>
      <Quantity>1.00</Quantity>
      <bIsWeighted>0</bIsWeighted>
      <UnitOfMeasure>ליטר</UnitOfMeasure>
      <QtyInPackage>1</QtyInPackage>
      <ItemPrice>11.90</ItemPrice>
      <UnitOfMeasurePrice>11.90</UnitOfMeasurePrice>
      <AllowDiscount>1</AllowDiscount>
      <ItemStatus>1</ItemStatus>
    </Item>
    <Item>
      <PriceUpdateDate>2020-10-10 20:20</PriceUpdateDate>
      <ItemCode>7290108356229</ItemCode>
      <ItemType>1</ItemType>
      <ItemName>קרמה מן ג'ל גילוח CARBO</ItemName>
      <ManufacturerName>אביאפ</ManufacturerName>
      <ManufactureCountry>TR</ManufactureCountry>
      <ManufacturerItemDescription>קרמה מן ג'\ל גיל</ManufacturerItemDescription>
      <UnitQty>מיליליטרים</UnitQty>
      <Quantity>200.00</Quantity>
      <bIsWeighted>0</bIsWeighted>
      <UnitOfMeasure>100 מ"ל</UnitOfMeasure>
      <QtyInPackage>1</QtyInPackage>
      <ItemPrice>12.90</ItemPrice>
      <UnitOfMeasurePrice>6.45</UnitOfMeasurePrice>
      <AllowDiscount>1</AllowDiscount>
      <ItemStatus>1</ItemStatus>
    </Item>
    <Item>
      <PriceUpdateDate>2020-05-22 05:40</PriceUpdateDate>
      <ItemCode>7290108356281</ItemCode>
      <ItemType>1</ItemType>
      <ItemName>כיף תחליב רחצה אננס 700מ</ItemName>
      <ManufacturerName>קוסמופארם בעמ</ManufacturerName>
      <ManufactureCountry>IL</ManufactureCountry>
      <ManufacturerItemDescription>כיף תחליב רחצה</ManufacturerItemDescription>
      <UnitQty>מיליליטרים</UnitQty>
      <Quantity>700.00</Quantity>
      <bIsWeighted>0</bIsWeighted>
      <UnitOfMeasure>100 מ"ל</UnitOfMeasure>
      <QtyInPackage>1</QtyInPackage>
      <ItemPrice>12.90</ItemPrice>
      <UnitOfMeasurePrice>1.84</UnitOfMeasurePrice>
      <AllowDiscount>1</AllowDiscount>
      <ItemStatus>1</ItemStatus>
    </Item>
    <Item>
      <PriceUpdateDate>2020-05-22 05:40</PriceUpdateDate>
      <ItemCode>7290108356304</ItemCode>
      <ItemType>1</ItemType>
      <ItemName>כיף תחל.רחצה מלח ים700מל</ItemName>
      <ManufacturerName>קוסמופארם בעמ</ManufacturerName>
      <ManufactureCountry>IL</ManufactureCountry>
      <ManufacturerItemDescription>כיף תחליב רחצה</ManufacturerItemDescription>
      <UnitQty>מיליליטרים</UnitQty>
      <Quantity>700.00</Quantity>
      <bIsWeighted>0</bIsWeighted>
      <UnitOfMeasure>100 מ"ל</UnitOfMeasure>
      <QtyInPackage>1</QtyInPackage>
      <ItemPrice>12.90</ItemPrice>
      <UnitOfMeasurePrice>1.84</UnitOfMeasurePrice>
      <AllowDiscount>1</AllowDiscount>
      <ItemStatus>1</ItemStatus>
    </Item>
    <Item>
      <PriceUpdateDate>2020-10-10 20:20</PriceUpdateDate>
      <ItemCode>7290108356359</ItemCode>
      <ItemType>1</ItemType>
      <ItemName>קרם-ג'ל לגוף קרמה מן400מ</ItemName>
      <ManufacturerName>קוסמופארם בעמ</ManufacturerName>
      <ManufactureCountry>IL</ManufactureCountry>
      <ManufacturerItemDescription>קרם-ג'ל קרמה מן</ManufacturerItemDescription>
      <UnitQty>מיליליטרים</UnitQty>
      <Quantity>400.00</Quantity>
      <bIsWeighted>0</bIsWeighted>
      <UnitOfMeasure>100 מ"ל</UnitOfMeasure>
      <QtyInPackage>1</QtyInPackage>
      <ItemPrice>19.90</ItemPrice>
      <UnitOfMeasurePrice>4.98</UnitOfMeasurePrice>
      <AllowDiscount>1</AllowDiscount>
      <ItemStatus>1</ItemStatus>
    </Item>
    <Item>
      <PriceUpdateDate>2020-10-10 21:30</PriceUpdateDate>
      <ItemCode>7290108356373</ItemCode>
      <ItemType>1</ItemType>
      <ItemName>ג'ל ניקוי ידיים מיניונים</ItemName>
      <ManufacturerName>מיסטול מאיירס</ManufacturerName>
      <ManufactureCountry>IL</ManufactureCountry>
      <ManufacturerItemDescription>ג'ל ניקוי ידיים</ManufacturerItemDescription>
      <UnitQty>מיליליטרים</UnitQty>
      <Quantity>30.00</Quantity>
      <bIsWeighted>0</bIsWeighted>
      <UnitOfMeasure>100 מ"ל</UnitOfMeasure>
      <QtyInPackage>1</QtyInPackage>
      <ItemPrice>9.90</ItemPrice>
      <UnitOfMeasurePrice>33.00</UnitOfMeasurePrice>
      <AllowDiscount>1</AllowDiscount>
      <ItemStatus>1</ItemStatus>
    </Item>
    <Item>
      <PriceUpdateDate>2020-10-10 20:20</PriceUpdateDate>
      <ItemCode>7290108357004</ItemCode>
      <ItemType>1</ItemType>
      <ItemName>כיף שמפו מועשר בשמן 700מ</ItemName>
      <ManufacturerName>קוסמופארם בע"\מ</ManufacturerName>
      <ManufactureCountry>IL</ManufactureCountry>
      <ManufacturerItemDescription>שמפו כיף</ManufacturerItemDescription>
      <UnitQty>מיליליטרים</UnitQty>
      <Quantity>700.00</Quantity>
      <bIsWeighted>0</bIsWeighted>
      <UnitOfMeasure>100 מ"ל</UnitOfMeasure>
      <QtyInPackage>1</QtyInPackage>
      <ItemPrice>9.90</ItemPrice>
      <UnitOfMeasurePrice>1.42</UnitOfMeasurePrice>
      <AllowDiscount>1</AllowDiscount>
      <ItemStatus>1</ItemStatus>
    </Item>
    <Item>
      <PriceUpdateDate>2020-10-10 20:20</PriceUpdateDate>
      <ItemCode>7290108357011</ItemCode>
      <ItemType>1</ItemType>
      <ItemName>כיף מרכך מועשר בשמן700מל</ItemName>
      <ManufacturerName>קוסמופארם בע"\מ</ManufacturerName>
      <ManufactureCountry>IL</ManufactureCountry>
      <ManufacturerItemDescription>מרכך שיער כיף</ManufacturerItemDescription>
      <UnitQty>מיליליטרים</UnitQty>
      <Quantity>700.00</Quantity>
      <bIsWeighted>0</bIsWeighted>
      <UnitOfMeasure>100 מ"ל</UnitOfMeasure>
      <QtyInPackage>1</QtyInPackage>
      <ItemPrice>9.90</ItemPrice>
      <UnitOfMeasurePrice>1.42</UnitOfMeasurePrice>
      <AllowDiscount>1</AllowDiscount>
      <ItemStatus>1</ItemStatus>
    </Item>
    <Item>
      <PriceUpdateDate>2020-10-10 20:20</PriceUpdateDate>
      <ItemCode>7290108357028</ItemCode>
      <ItemType>1</ItemType>
      <ItemName>כיף תחליב רחצה+שמן700מל</ItemName>
      <ManufacturerName>קוסמופארם בעמ</ManufacturerName>
      <ManufactureCountry>IL</ManufactureCountry>
      <ManufacturerItemDescription>כיף תחליב רחצה</ManufacturerItemDescription>
      <UnitQty>מיליליטרים</UnitQty>
      <Quantity>700.00</Quantity>
      <bIsWeighted>0</bIsWeighted>
      <UnitOfMeasure>100 מ"ל</UnitOfMeasure>
      <QtyInPackage>1</QtyInPackage>
      <ItemPrice>9.90</ItemPrice>
      <UnitOfMeasurePrice>1.41</UnitOfMeasurePrice>
      <AllowDiscount>1</AllowDiscount>
      <ItemStatus>1</ItemStatus>
    </Item>
    <Item>
      <PriceUpdateDate>2020-10-10 20:20</PriceUpdateDate>
      <ItemCode>7290108357707</ItemCode>
      <ItemType>1</ItemType>
      <ItemName>כיף שמפו לשיער רגיל 700מ</ItemName>
      <ManufacturerName>קוסמופארם</ManufacturerName>
      <ManufactureCountry>IL</ManufactureCountry>
      <ManufacturerItemDescription>כיף שמפו</ManufacturerItemDescription>
      <UnitQty>מיליליטרים</UnitQty>
      <Quantity>700.00</Quantity>
      <bIsWeighted>0</bIsWeighted>
      <UnitOfMeasure>100 מ"ל</UnitOfMeasure>
      <QtyInPackage>1</QtyInPackage>
      <ItemPrice>9.90</ItemPrice>
      <UnitOfMeasurePrice>1.42</UnitOfMeasurePrice>
      <AllowDiscount>1</AllowDiscount>
      <ItemStatus>1</ItemStatus>
    </Item>
    <Item>
      <PriceUpdateDate>2020-10-10 20:20</PriceUpdateDate>
      <ItemCode>7290108357714</ItemCode>
      <ItemType>1</ItemType>
      <ItemName>כיף שמפו לשיער יבש700מ</ItemName>
      <ManufacturerName>קוסמופארם</ManufacturerName>
      <ManufactureCountry>IL</ManufactureCountry>
      <ManufacturerItemDescription>כיף שמפו</ManufacturerItemDescription>
      <UnitQty>מיליליטרים</UnitQty>
      <Quantity>700.00</Quantity>
      <bIsWeighted>0</bIsWeighted>
      <UnitOfMeasure>100 מ"ל</UnitOfMeasure>
      <QtyInPackage>1</QtyInPackage>
      <ItemPrice>9.90</ItemPrice>
      <UnitOfMeasurePrice>1.42</UnitOfMeasurePrice>
      <AllowDiscount>1</AllowDiscount>
      <ItemStatus>1</ItemStatus>
    </Item>
    <Item>
      <PriceUpdateDate>2020-10-10 20:20</PriceUpdateDate>
      <ItemCode>7290108357721</ItemCode>
      <ItemType>1</ItemType>
      <ItemName>כיף שמפו לשיער דק 700מל</ItemName>
      <ManufacturerName>קוסמופארם</ManufacturerName>
      <ManufactureCountry>IL</ManufactureCountry>
      <ManufacturerItemDescription>כיף שמפו</ManufacturerItemDescription>
      <UnitQty>מיליליטרים</UnitQty>
      <Quantity>700.00</Quantity>
      <bIsWeighted>0</bIsWeighted>
      <UnitOfMeasure>100 מ"ל</UnitOfMeasure>
      <QtyInPackage>1</QtyInPackage>
      <ItemPrice>9.90</ItemPrice>
      <UnitOfMeasurePrice>1.42</UnitOfMeasurePrice>
      <AllowDiscount>1</AllowDiscount>
      <ItemStatus>1</ItemStatus>
    </Item>
    <Item>
      <PriceUpdateDate>2020-10-10 20:20</PriceUpdateDate>
      <ItemCode>7290108357752</ItemCode>
      <ItemType>1</ItemType>
      <ItemName>כיף שמפו לשיער מעוצב 700</ItemName>
      <ManufacturerName>קוסמופארם</ManufacturerName>
      <ManufactureCountry>IL</ManufactureCountry>
      <ManufacturerItemDescription>כיף שמפו</ManufacturerItemDescription>
      <UnitQty>מיליליטרים</UnitQty>
      <Quantity>700.00</Quantity>
      <bIsWeighted>0</bIsWeighted>
      <UnitOfMeasure>100 מ"ל</UnitOfMeasure>
      <QtyInPackage>1</QtyInPackage>
      <ItemPrice>9.90</ItemPrice>
      <UnitOfMeasurePrice>1.42</UnitOfMeasurePrice>
      <AllowDiscount>1</AllowDiscount>
      <ItemStatus>1</ItemStatus>
    </Item>
    <Item>
      <PriceUpdateDate>2020-10-10 20:20</PriceUpdateDate>
      <ItemCode>7290108357769</ItemCode>
      <ItemType>1</ItemType>
      <ItemName>כיף מרכך לשיער רגיל700מל</ItemName>
      <ManufacturerName>קוסמופארם</ManufacturerName>
      <ManufactureCountry>IL</ManufactureCountry>
      <ManufacturerItemDescription>כיף מרכך שיער</ManufacturerItemDescription>
      <UnitQty>מיליליטרים</UnitQty>
      <Quantity>700.00</Quantity>
      <bIsWeighted>0</bIsWeighted>
      <UnitOfMeasure>100 מ"ל</UnitOfMeasure>
      <QtyInPackage>1</QtyInPackage>
      <ItemPrice>9.90</ItemPrice>
      <UnitOfMeasurePrice>1.42</UnitOfMeasurePrice>
      <AllowDiscount>1</AllowDiscount>
      <ItemStatus>1</ItemStatus>
    </Item>
    <Item>
      <PriceUpdateDate>2020-10-10 20:20</PriceUpdateDate>
      <ItemCode>7290108357776</ItemCode>
      <ItemType>1</ItemType>
      <ItemName>כיף מרכך לשיער יבש 700מל</ItemName>
      <ManufacturerName>קוסמופארם</ManufacturerName>
      <ManufactureCountry>IL</ManufactureCountry>
      <ManufacturerItemDescription>כיף מרכך שיער</ManufacturerItemDescription>
      <UnitQty>מיליליטרים</UnitQty>
      <Quantity>700.00</Quantity>
      <bIsWeighted>0</bIsWeighted>
      <UnitOfMeasure>100 מ"ל</UnitOfMeasure>
      <QtyInPackage>1</QtyInPackage>
      <ItemPrice>9.90</ItemPrice>
      <UnitOfMeasurePrice>1.42</UnitOfMeasurePrice>
      <AllowDiscount>1</AllowDiscount>
      <ItemStatus>1</ItemStatus>
    </Item>
    <Item>
      <PriceUpdateDate>2020-10-10 20:20</PriceUpdateDate>
      <ItemCode>7290108359824</ItemCode>
      <ItemType>1</ItemType>
      <ItemName>בייבי כיף קרם גוף 500מ"ל</ItemName>
      <ManufacturerName>קוסמופארם</ManufacturerName>
      <ManufactureCountry>IL</ManufactureCountry>
      <ManufacturerItemDescription>קרם גוף בייבי</ManufacturerItemDescription>
      <UnitQty>מיליליטרים</UnitQty>
      <Quantity>500.00</Quantity>
      <bIsWeighted>0</bIsWeighted>
      <UnitOfMeasure>100 מ"ל</UnitOfMeasure>
      <QtyInPackage>1</QtyInPackage>
      <ItemPrice>21.90</ItemPrice>
      <UnitOfMeasurePrice>4.38</UnitOfMeasurePrice>
      <AllowDiscount>1</AllowDiscount>
      <ItemStatus>1</ItemStatus>
    </Item>
    <Item>
      <PriceUpdateDate>2020-10-10 20:20</PriceUpdateDate>
      <ItemCode>7290108359831</ItemCode>
      <ItemType>1</ItemType>
      <ItemName>בייבי כיף שמן גוף 500 מל</ItemName>
      <ManufacturerName>קוסמופארם</ManufacturerName>
      <ManufactureCountry>IL</ManufactureCountry>
      <ManufacturerItemDescription>בייבי כיף שמן</ManufacturerItemDescription>
      <UnitQty>מיליליטרים</UnitQty>
      <Quantity>500.00</Quantity>
      <bIsWeighted>0</bIsWeighted>
      <UnitOfMeasure>100 מ"ל</UnitOfMeasure>
      <QtyInPackage>1</QtyInPackage>
      <ItemPrice>21.90</ItemPrice>
      <UnitOfMeasurePrice>4.38</UnitOfMeasurePrice>
      <AllowDiscount>1</AllowDiscount>
      <ItemStatus>1</ItemStatus>
    </Item>
    <Item>
      <PriceUpdateDate>2020-10-10 20:20</PriceUpdateDate>
      <ItemCode>7290108359855</ItemCode>
      <ItemType>1</ItemType>
      <ItemName>בייבי כיף שמפו אלדמע750מ</ItemName>
      <ManufacturerName>קוסמופארם</ManufacturerName>
      <ManufactureCountry>IL</ManufactureCountry>
      <ManufacturerItemDescription>שמפו בייבי כיף</ManufacturerItemDescription>
      <UnitQty>מיליליטרים</UnitQty>
      <Quantity>750.00</Quantity>
      <bIsWeighted>0</bIsWeighted>
      <UnitOfMeasure>100 מ"ל</UnitOfMeasure>
      <QtyInPackage>1</QtyInPackage>
      <ItemPrice>16.90</ItemPrice>
      <UnitOfMeasurePrice>2.25</UnitOfMeasurePrice>
      <AllowDiscount>1</AllowDiscount>
      <ItemStatus>1</ItemStatus>
    </Item>
    <Item>
      <PriceUpdateDate>2020-10-10 20:20</PriceUpdateDate>
      <ItemCode>7290108359879</ItemCode>
      <ItemType>1</ItemType>
      <ItemName>בייבי כיף אל סבון 750מ</ItemName>
      <ManufacturerName>קוסמופארם</ManufacturerName>
      <ManufactureCountry>IL</ManufactureCountry>
      <ManufacturerItemDescription>בייבי כיף אלסבון</ManufacturerItemDescription>
      <UnitQty>מיליליטרים</UnitQty>
      <Quantity>750.00</Quantity>
      <bIsWeighted>0</bIsWeighted>
      <UnitOfMeasure>100 מ"ל</UnitOfMeasure>
      <QtyInPackage>1</QtyInPackage>
      <ItemPrice>16.90</ItemPrice>
      <UnitOfMeasurePrice>2.25</UnitOfMeasurePrice>
      <AllowDiscount>1</AllowDiscount>
      <ItemStatus>1</ItemStatus>
    </Item>
    <Item>
      <PriceUpdateDate>2020-02-21 08:25</PriceUpdateDate>
      <ItemCode>7290110450212</ItemCode>
      <ItemType>1</ItemType>
      <ItemName>לק בסיס</ItemName>
      <ManufacturerName>גייד</ManufacturerName>
      <ManufactureCountry>IL</ManufactureCountry>
      <ManufacturerItemDescription>לק בסיס</ManufacturerItemDescription>
      <UnitQty>יחידה</UnitQty>
      <Quantity>1.00</Quantity>
      <bIsWeighted>0</bIsWeighted>
      <UnitOfMeasure>יחידה</UnitOfMeasure>
      <QtyInPackage>0</QtyInPackage>
      <ItemPrice>23.90</ItemPrice>
      <UnitOfMeasurePrice>23.90</UnitOfMeasurePrice>
      <AllowDiscount>1</AllowDiscount>
      <ItemStatus>1</ItemStatus>
    </Item>
    <Item>
      <PriceUpdateDate>2020-01-20 00:13</PriceUpdateDate>
      <ItemCode>7290110451226</ItemCode>
      <ItemType>1</ItemType>
      <ItemName>פרו+קליר קרם יום 50 מ"ל</ItemName>
      <ManufacturerName>גייד</ManufacturerName>
      <ManufactureCountry>IL</ManufactureCountry>
      <ManufacturerItemDescription>פרו+קליר קרם יום</ManufacturerItemDescription>
      <UnitQty>מיליליטרים</UnitQty>
      <Quantity>50.00</Quantity>
      <bIsWeighted>0</bIsWeighted>
      <UnitOfMeasure>100 מ"ל</UnitOfMeasure>
      <QtyInPackage>1</QtyInPackage>
      <ItemPrice>78.90</ItemPrice>
      <UnitOfMeasurePrice>157.80</UnitOfMeasurePrice>
      <AllowDiscount>1</AllowDiscount>
      <ItemStatus>1</ItemStatus>
    </Item>
    <Item>
      <PriceUpdateDate>2020-01-20 00:13</PriceUpdateDate>
      <ItemCode>7290110451554</ItemCode>
      <ItemType>1</ItemType>
      <ItemName>אקווה ג'ולט קרם לחות 50</ItemName>
      <ManufacturerName>גייד</ManufacturerName>
      <ManufactureCountry>IL</ManufactureCountry>
      <ManufacturerItemDescription>אקווה ג'ולט קרם</ManufacturerItemDescription>
      <UnitQty>מיליליטרים</UnitQty>
      <Quantity>50.00</Quantity>
      <bIsWeighted>0</bIsWeighted>
      <UnitOfMeasure>100 מ"ל</UnitOfMeasure>
      <QtyInPackage>1</QtyInPackage>
      <ItemPrice>89.90</ItemPrice>
      <UnitOfMeasurePrice>179.80</UnitOfMeasurePrice>
      <AllowDiscount>1</AllowDiscount>
      <ItemStatus>1</ItemStatus>
    </Item>
    <Item>
      <PriceUpdateDate>2020-02-21 08:25</PriceUpdateDate>
      <ItemCode>7290110452513</ItemCode>
      <ItemType>1</ItemType>
      <ItemName>לק קריסטל גלו 616 יח'</ItemName>
      <ManufacturerName>גייד</ManufacturerName>
      <ManufactureCountry>IL</ManufactureCountry>
      <ManufacturerItemDescription>לק קריסטל גלו616</ManufacturerItemDescription>
      <UnitQty>יחידה</UnitQty>
      <Quantity>1.00</Quantity>
      <bIsWeighted>0</bIsWeighted>
      <UnitOfMeasure>יחידה</UnitOfMeasure>
      <QtyInPackage>1</QtyInPackage>
      <ItemPrice>23.90</ItemPrice>
      <UnitOfMeasurePrice>23.90</UnitOfMeasurePrice>
      <AllowDiscount>1</AllowDiscount>
      <ItemStatus>1</ItemStatus>
    </Item>
    <Item>
      <PriceUpdateDate>2020-02-21 08:25</PriceUpdateDate>
      <ItemCode>7290110452568</ItemCode>
      <ItemType>1</ItemType>
      <ItemName>מסקרה EXTENTIC יח'</ItemName>
      <ManufacturerName>כללי</ManufacturerName>
      <ManufactureCountry>IT</ManufactureCountry>
      <ManufacturerItemDescription>מסקרה EXTENTIC</ManufacturerItemDescription>
      <UnitQty>יחידה</UnitQty>
      <Quantity>1.00</Quantity>
      <bIsWeighted>0</bIsWeighted>
      <UnitOfMeasure>יחידה</UnitOfMeasure>
      <QtyInPackage>1</QtyInPackage>
      <ItemPrice>93.90</ItemPrice>
      <UnitOfMeasurePrice>93.90</UnitOfMeasurePrice>
      <AllowDiscount>1</AllowDiscount>
      <ItemStatus>1</ItemStatus>
    </Item>
    <Item>
      <PriceUpdateDate>2020-01-20 00:13</PriceUpdateDate>
      <ItemCode>7290110452643</ItemCode>
      <ItemType>1</ItemType>
      <ItemName>רויוליסט מסכה מתקלפת 50</ItemName>
      <ManufacturerName>כללי</ManufacturerName>
      <ManufactureCountry>IL</ManufactureCountry>
      <ManufacturerItemDescription>רויוליסט מסכה מת</ManufacturerItemDescription>
      <UnitQty>מיליליטרים</UnitQty>
      <Quantity>50.00</Quantity>
      <bIsWeighted>0</bIsWeighted>
      <UnitOfMeasure>100 מ"ל</UnitOfMeasure>
      <QtyInPackage>1</QtyInPackage>
      <ItemPrice>89.90</ItemPrice>
      <UnitOfMeasurePrice>179.80</UnitOfMeasurePrice>
      <AllowDiscount>1</AllowDiscount>
      <ItemStatus>1</ItemStatus>
    </Item>
    <Item>
      <PriceUpdateDate>2020-01-20 00:13</PriceUpdateDate>
      <ItemCode>7290110452650</ItemCode>
      <ItemType>1</ItemType>
      <ItemName>רויוליסט מסכה מתקלפת 50</ItemName>
      <ManufacturerName>כללי</ManufacturerName>
      <ManufactureCountry>IL</ManufactureCountry>
      <ManufacturerItemDescription>רויוליסט מסכה מת</ManufacturerItemDescription>
      <UnitQty>יחידה</UnitQty>
      <Quantity>1.00</Quantity>
      <bIsWeighted>0</bIsWeighted>
      <UnitOfMeasure>יחידה</UnitOfMeasure>
      <QtyInPackage>1</QtyInPackage>
      <ItemPrice>89.90</ItemPrice>
      <UnitOfMeasurePrice>89.90</UnitOfMeasurePrice>
      <AllowDiscount>1</AllowDiscount>
      <ItemStatus>1</ItemStatus>
    </Item>
    <Item>
      <PriceUpdateDate>2020-02-21 08:25</PriceUpdateDate>
      <ItemCode>7290110452704</ItemCode>
      <ItemType>1</ItemType>
      <ItemName>לק קריסטל גלו 620יח'</ItemName>
      <ManufacturerName>כללי</ManufacturerName>
      <ManufactureCountry>IL</ManufactureCountry>
      <ManufacturerItemDescription>לק קריסטל גלו620</ManufacturerItemDescription>
      <UnitQty>יחידה</UnitQty>
      <Quantity>1.00</Quantity>
      <bIsWeighted>0</bIsWeighted>
      <UnitOfMeasure>יחידה</UnitOfMeasure>
      <QtyInPackage>1</QtyInPackage>
      <ItemPrice>23.90</ItemPrice>
      <UnitOfMeasurePrice>23.90</UnitOfMeasurePrice>
      <AllowDiscount>1</AllowDiscount>
      <ItemStatus>1</ItemStatus>
    </Item>
    <Item>
      <PriceUpdateDate>2020-02-21 08:25</PriceUpdateDate>
      <ItemCode>7290110452711</ItemCode>
      <ItemType>1</ItemType>
      <ItemName>לק קריסטל גלו 621יח'</ItemName>
      <ManufacturerName>כללי</ManufacturerName>
      <ManufactureCountry>IL</ManufactureCountry>
      <ManufacturerItemDescription>לק קריסטל גלו621</ManufacturerItemDescription>
      <UnitQty>יחידה</UnitQty>
      <Quantity>1.00</Quantity>
      <bIsWeighted>0</bIsWeighted>
      <UnitOfMeasure>יחידה</UnitOfMeasure>
      <QtyInPackage>1</QtyInPackage>
      <ItemPrice>23.90</ItemPrice>
      <UnitOfMeasurePrice>23.90</UnitOfMeasurePrice>
      <AllowDiscount>1</AllowDiscount>
      <ItemStatus>1</ItemStatus>
    </Item>
    <Item>
      <PriceUpdateDate>2020-01-20 00:14</PriceUpdateDate>
      <ItemCode>7290110453176</ItemCode>
      <ItemType>1</ItemType>
      <ItemName>אוורגלו היילטיר עשיר 12</ItemName>
      <ManufacturerName>כללי</ManufacturerName>
      <ManufactureCountry>IL</ManufactureCountry>
      <ManufacturerItemDescription>אוורגלו היילטיר</ManufacturerItemDescription>
      <UnitQty>מיליליטרים</UnitQty>
      <Quantity>12.00</Quantity>
      <bIsWeighted>0</bIsWeighted>
      <UnitOfMeasure>100 מ"ל</UnitOfMeasure>
      <QtyInPackage>1</QtyInPackage>
      <ItemPrice>89.90</ItemPrice>
      <UnitOfMeasurePrice>749.17</UnitOfMeasurePrice>
      <AllowDiscount>1</AllowDiscount>
      <ItemStatus>1</ItemStatus>
    </Item>
    <Item>
      <PriceUpdateDate>2020-01-20 00:14</PriceUpdateDate>
      <ItemCode>7290110453350</ItemCode>
      <ItemType>1</ItemType>
      <ItemName>לוגיויטי קונסילר 27 יח'</ItemName>
      <ManufacturerName>גייד</ManufacturerName>
      <ManufactureCountry>IL</ManufactureCountry>
      <ManufacturerItemDescription>לוגיויטי קונסילר</ManufacturerItemDescription>
      <UnitQty>יחידה</UnitQty>
      <Quantity>1.00</Quantity>
      <bIsWeighted>0</bIsWeighted>
      <UnitOfMeasure>יחידה</UnitOfMeasure>
      <QtyInPackage>1</QtyInPackage>
      <ItemPrice>89.90</ItemPrice>
      <UnitOfMeasurePrice>89.90</UnitOfMeasurePrice>
      <AllowDiscount>1</AllowDiscount>
      <ItemStatus>1</ItemStatus>
    </Item>
    <Item>
      <PriceUpdateDate>2020-10-10 21:00</PriceUpdateDate>
      <ItemCode>7290110453602</ItemCode>
      <ItemType>1</ItemType>
      <ItemName>אייקון פרנץ לייס תחליב ג</ItemName>
      <ManufacturerName>כללי</ManufacturerName>
      <ManufactureCountry>IL</ManufactureCountry>
      <ManufacturerItemDescription>אייקון פרנץ לייס</ManufacturerItemDescription>
      <UnitQty>מיליליטרים</UnitQty>
      <Quantity>200.00</Quantity>
      <bIsWeighted>0</bIsWeighted>
      <UnitOfMeasure>100 מ"ל</UnitOfMeasure>
      <QtyInPackage>1</QtyInPackage>
      <ItemPrice>49.00</ItemPrice>
      <UnitOfMeasurePrice>24.50</UnitOfMeasurePrice>
      <AllowDiscount>1</AllowDiscount>
      <ItemStatus>1</ItemStatus>
    </Item>
    <Item>
      <PriceUpdateDate>2020-01-20 00:14</PriceUpdateDate>
      <ItemCode>7290110453916</ItemCode>
      <ItemType>1</ItemType>
      <ItemName>BROWITY מסקרה ג'ל לגבות</ItemName>
      <ManufacturerName>כללי</ManufacturerName>
      <ManufactureCountry>IL</ManufactureCountry>
      <ManufacturerItemDescription>BROWITY מסקרה ג'</ManufacturerItemDescription>
      <UnitQty>יחידה</UnitQty>
      <Quantity>1.00</Quantity>
      <bIsWeighted>0</bIsWeighted>
      <UnitOfMeasure>יחידה</UnitOfMeasure>
      <QtyInPackage>1</QtyInPackage>
      <ItemPrice>69.90</ItemPrice>
      <UnitOfMeasurePrice>69.90</UnitOfMeasurePrice>
      <AllowDiscount>1</AllowDiscount>
      <ItemStatus>1</ItemStatus>
    </Item>
    <Item>
      <PriceUpdateDate>2020-01-20 00:14</PriceUpdateDate>
      <ItemCode>7290110454265</ItemCode>
      <ItemType>1</ItemType>
      <ItemName>EXTREMITY מסקרה לנפח 12</ItemName>
      <ManufacturerName>כללי</ManufacturerName>
      <ManufactureCountry>IL</ManufactureCountry>
      <ManufacturerItemDescription>EXTREMITY מסקרה</ManufacturerItemDescription>
      <UnitQty>יחידה</UnitQty>
      <Quantity>1.00</Quantity>
      <bIsWeighted>0</bIsWeighted>
      <UnitOfMeasure>יחידה</UnitOfMeasure>
      <QtyInPackage>1</QtyInPackage>
      <ItemPrice>89.90</ItemPrice>
      <UnitOfMeasurePrice>89.90</UnitOfMeasurePrice>
      <AllowDiscount>1</AllowDiscount>
      <ItemStatus>1</ItemStatus>
    </Item>
    <Item>
      <PriceUpdateDate>2020-02-14 05:40</PriceUpdateDate>
      <ItemCode>7290110454364</ItemCode>
      <ItemType>1</ItemType>
      <ItemName>גלו FX קרם למראה זוהר 5</ItemName>
      <ManufacturerName>כללי</ManufacturerName>
      <ManufactureCountry>IL</ManufactureCountry>
      <ManufacturerItemDescription>גלו FX קרם למרא</ManufacturerItemDescription>
      <UnitQty>מיליליטרים</UnitQty>
      <Quantity>50.00</Quantity>
      <bIsWeighted>0</bIsWeighted>
      <UnitOfMeasure>100 מ"ל</UnitOfMeasure>
      <QtyInPackage>1</QtyInPackage>
      <ItemPrice>179.90</ItemPrice>
      <UnitOfMeasurePrice>359.80</UnitOfMeasurePrice>
      <AllowDiscount>1</AllowDiscount>
      <ItemStatus>1</ItemStatus>
    </Item>
    <Item>
      <PriceUpdateDate>2020-02-21 08:25</PriceUpdateDate>
      <ItemCode>7290110455057</ItemCode>
      <ItemType>1</ItemType>
      <ItemName>ולווטין פלטת צלליות 54 5</ItemName>
      <ManufacturerName>כללי</ManufacturerName>
      <ManufactureCountry>IL</ManufactureCountry>
      <ManufacturerItemDescription>ולווטין פלטת צלל</ManufacturerItemDescription>
      <UnitQty>מיליליטרים</UnitQty>
      <Quantity>50.00</Quantity>
      <bIsWeighted>0</bIsWeighted>
      <UnitOfMeasure>100 מ"ל</UnitOfMeasure>
      <QtyInPackage>1</QtyInPackage>
      <ItemPrice>83.90</ItemPrice>
      <UnitOfMeasurePrice>167.80</UnitOfMeasurePrice>
      <AllowDiscount>1</AllowDiscount>
      <ItemStatus>1</ItemStatus>
    </Item>
    <Item>
      <PriceUpdateDate>2020-07-21 09:56</PriceUpdateDate>
      <ItemCode>7290110455484</ItemCode>
      <ItemType>1</ItemType>
      <ItemName>קיט אוגוסט 2020 יח'</ItemName>
      <ManufacturerName>כללי</ManufacturerName>
      <ManufactureCountry>IL</ManufactureCountry>
      <ManufacturerItemDescription>קיט אוגוסט 2020</ManufacturerItemDescription>
      <UnitQty>יחידה</UnitQty>
      <Quantity>1.00</Quantity>
      <bIsWeighted>0</bIsWeighted>
      <UnitOfMeasure>יחידה</UnitOfMeasure>
      <QtyInPackage>1</QtyInPackage>
      <ItemPrice>49.90</ItemPrice>
      <UnitOfMeasurePrice>49.90</UnitOfMeasurePrice>
      <AllowDiscount>1</AllowDiscount>
      <ItemStatus>1</ItemStatus>
    </Item>
    <Item>
      <PriceUpdateDate>2020-05-06 16:13</PriceUpdateDate>
      <ItemCode>7290110563851</ItemCode>
      <ItemType>1</ItemType>
      <ItemName>אנרגי תחתית שוק.חלב24*6ג</ItemName>
      <ManufacturerName>שטראוס גרופ בע"\מ</ManufacturerName>
      <ManufactureCountry>IL</ManufactureCountry>
      <ManufacturerItemDescription>חטיפי אנרגי 6 יח</ManufacturerItemDescription>
      <UnitQty>גרמים</UnitQty>
      <Quantity>144.00</Quantity>
      <bIsWeighted>0</bIsWeighted>
      <UnitOfMeasure>100 גרם</UnitOfMeasure>
      <QtyInPackage>1</QtyInPackage>
      <ItemPrice>14.90</ItemPrice>
      <UnitOfMeasurePrice>10.35</UnitOfMeasurePrice>
      <AllowDiscount>1</AllowDiscount>
      <ItemStatus>1</ItemStatus>
    </Item>
    <Item>
      <PriceUpdateDate>2020-05-26 15:36</PriceUpdateDate>
      <ItemCode>7290110804602</ItemCode>
      <ItemType>1</ItemType>
      <ItemName>אוליב מסכה לשיער פגום</ItemName>
      <ManufacturerName>א.פ.חורי</ManufacturerName>
      <ManufactureCountry>IL</ManufactureCountry>
      <ManufacturerItemDescription>אוליב מסכה לשיער</ManufacturerItemDescription>
      <UnitQty>מיליליטרים</UnitQty>
      <Quantity>500.00</Quantity>
      <bIsWeighted>0</bIsWeighted>
      <UnitOfMeasure>100 מ"ל</UnitOfMeasure>
      <QtyInPackage>0</QtyInPackage>
      <ItemPrice>24.90</ItemPrice>
      <UnitOfMeasurePrice>4.98</UnitOfMeasurePrice>
      <AllowDiscount>1</AllowDiscount>
      <ItemStatus>1</ItemStatus>
    </Item>
    <Item>
      <PriceUpdateDate>2020-01-20 00:13</PriceUpdateDate>
      <ItemCode>7290110808853</ItemCode>
      <ItemType>1</ItemType>
      <ItemName>מסיכת בד אנטי אייגינג יח</ItemName>
      <ManufacturerName>כללי</ManufacturerName>
      <ManufactureCountry>DE</ManufactureCountry>
      <ManufacturerItemDescription>מסיכת בד אנטי אי</ManufacturerItemDescription>
      <UnitQty>יחידה</UnitQty>
      <Quantity>1.00</Quantity>
      <bIsWeighted>0</bIsWeighted>
      <UnitOfMeasure>יחידה</UnitOfMeasure>
      <QtyInPackage>1</QtyInPackage>
      <ItemPrice>24.90</ItemPrice>
      <UnitOfMeasurePrice>24.90</UnitOfMeasurePrice>
      <AllowDiscount>1</AllowDiscount>
      <ItemStatus>1</ItemStatus>
    </Item>
    <Item>
      <PriceUpdateDate>2020-03-15 10:13</PriceUpdateDate>
      <ItemCode>7290111090134</ItemCode>
      <ItemType>1</ItemType>
      <ItemName>מגבוני רענון</ItemName>
      <ManufacturerName>נאופארם</ManufacturerName>
      <ManufactureCountry>IL</ManufactureCountry>
      <ManufacturerItemDescription>מגבוני רענון</ManufacturerItemDescription>
      <UnitQty>יחידה</UnitQty>
      <Quantity>1.00</Quantity>
      <bIsWeighted>0</bIsWeighted>
      <UnitOfMeasure>יחידה</UnitOfMeasure>
      <QtyInPackage>0</QtyInPackage>
      <ItemPrice>8.90</ItemPrice>
      <UnitOfMeasurePrice>8.90</UnitOfMeasurePrice>
      <AllowDiscount>1</AllowDiscount>
      <ItemStatus>1</ItemStatus>
    </Item>
    <Item>
      <PriceUpdateDate>2020-01-31 05:46</PriceUpdateDate>
      <ItemCode>7290111093005</ItemCode>
      <ItemType>1</ItemType>
      <ItemName>I-CARE  מסיר איפור 25 יח</ItemName>
      <ManufacturerName>כללי</ManufacturerName>
      <ManufactureCountry />
      <ManufacturerItemDescription>I-CARE  מסיר איפ</ManufacturerItemDescription>
      <UnitQty>יחידה</UnitQty>
      <Quantity>1.00</Quantity>
      <bIsWeighted>0</bIsWeighted>
      <UnitOfMeasure>יחידה</UnitOfMeasure>
      <QtyInPackage>0</QtyInPackage>
      <ItemPrice>7.90</ItemPrice>
      <UnitOfMeasurePrice>7.90</UnitOfMeasurePrice>
      <AllowDiscount>1</AllowDiscount>
      <ItemStatus>1</ItemStatus>
    </Item>
    <Item>
      <PriceUpdateDate>2020-10-10 21:00</PriceUpdateDate>
      <ItemCode>7290111093432</ItemCode>
      <ItemType>1</ItemType>
      <ItemName>חמאת גוף אנטי אנרג'ינ250</ItemName>
      <ManufacturerName>אמיליה</ManufacturerName>
      <ManufactureCountry>IL</ManufactureCountry>
      <ManufacturerItemDescription>חמאת גוף 250</ManufacturerItemDescription>
      <UnitQty>מיליליטרים</UnitQty>
      <Quantity>250.00</Quantity>
      <bIsWeighted>0</bIsWeighted>
      <UnitOfMeasure>100 מ"ל</UnitOfMeasure>
      <QtyInPackage>1</QtyInPackage>
      <ItemPrice>14.90</ItemPrice>
      <UnitOfMeasurePrice>5.96</UnitOfMeasurePrice>
      <AllowDiscount>1</AllowDiscount>
      <ItemStatus>1</ItemStatus>
    </Item>
    <Item>
      <PriceUpdateDate>2020-10-10 21:00</PriceUpdateDate>
      <ItemCode>7290111093722</ItemCode>
      <ItemType>1</ItemType>
      <ItemName>קצף נ.פנים לילך מאס150מ</ItemName>
      <ManufacturerName>אמיליה</ManufacturerName>
      <ManufactureCountry>IL</ManufactureCountry>
      <ManufacturerItemDescription>ג'ל ניקוי פנים</ManufacturerItemDescription>
      <UnitQty>מיליליטרים</UnitQty>
      <Quantity>150.00</Quantity>
      <bIsWeighted>0</bIsWeighted>
      <UnitOfMeasure>100 מ"ל</UnitOfMeasure>
      <QtyInPackage>1</QtyInPackage>
      <ItemPrice>20.00</ItemPrice>
      <UnitOfMeasurePrice>13.33</UnitOfMeasurePrice>
      <AllowDiscount>1</AllowDiscount>
      <ItemStatus>1</ItemStatus>
    </Item>
    <Item>
      <PriceUpdateDate>2020-05-06 16:13</PriceUpdateDate>
      <ItemCode>7290111171062</ItemCode>
      <ItemType>1</ItemType>
      <ItemName>אוזניית בלוטות' קפיצית</ItemName>
      <ManufacturerName>פוג'יקום</ManufacturerName>
      <ManufactureCountry>CN</ManufactureCountry>
      <ManufacturerItemDescription>אוזניית בלוטות'</ManufacturerItemDescription>
      <UnitQty>יחידה</UnitQty>
      <Quantity>1.00</Quantity>
      <bIsWeighted>0</bIsWeighted>
      <UnitOfMeasure>יחידה</UnitOfMeasure>
      <QtyInPackage>1</QtyInPackage>
      <ItemPrice>164.90</ItemPrice>
      <UnitOfMeasurePrice>164.90</UnitOfMeasurePrice>
      <AllowDiscount>1</AllowDiscount>
      <ItemStatus>1</ItemStatus>
    </Item>
    <Item>
      <PriceUpdateDate>2020-01-20 00:21</PriceUpdateDate>
      <ItemCode>7290111340185</ItemCode>
      <ItemType>1</ItemType>
      <ItemName>מטליות לרצפה בנחוח מרכך</ItemName>
      <ManufacturerName>חוגלה קימברלי</ManufacturerName>
      <ManufactureCountry>IL</ManufactureCountry>
      <ManufacturerItemDescription>מטליות לרצפה</ManufacturerItemDescription>
      <UnitQty>יחידה</UnitQty>
      <Quantity>1.00</Quantity>
      <bIsWeighted>0</bIsWeighted>
      <UnitOfMeasure>יחידה</UnitOfMeasure>
      <QtyInPackage>1</QtyInPackage>
      <ItemPrice>11.90</ItemPrice>
      <UnitOfMeasurePrice>11.90</UnitOfMeasurePrice>
      <AllowDiscount>1</AllowDiscount>
      <ItemStatus>1</ItemStatus>
    </Item>
    <Item>
      <PriceUpdateDate>2020-01-20 00:14</PriceUpdateDate>
      <ItemCode>7290111340420</ItemCode>
      <ItemType>1</ItemType>
      <ItemName>דיפנד תחתון סופג נשים M</ItemName>
      <ManufacturerName>קימברלי קלארק</ManufacturerName>
      <ManufactureCountry>CZ</ManufactureCountry>
      <ManufacturerItemDescription>תחתוני לייקרה</ManufacturerItemDescription>
      <UnitQty>יחידה</UnitQty>
      <Quantity>1.00</Quantity>
      <bIsWeighted>0</bIsWeighted>
      <UnitOfMeasure>יחידה</UnitOfMeasure>
      <QtyInPackage>1</QtyInPackage>
      <ItemPrice>52.90</ItemPrice>
      <UnitOfMeasurePrice>52.90</UnitOfMeasurePrice>
      <AllowDiscount>1</AllowDiscount>
      <ItemStatus>1</ItemStatus>
    </Item>
    <Item>
      <PriceUpdateDate>2020-01-20 00:14</PriceUpdateDate>
      <ItemCode>7290111340864</ItemCode>
      <ItemType>1</ItemType>
      <ItemName>9 תחתוני לייקרה  אשהL</ItemName>
      <ManufacturerName>חוגלה קימברלי</ManufacturerName>
      <ManufactureCountry>CZ</ManufactureCountry>
      <ManufacturerItemDescription>תחתוני לייקרה</ManufacturerItemDescription>
      <UnitQty>יחידה</UnitQty>
      <Quantity>1.00</Quantity>
      <bIsWeighted>0</bIsWeighted>
      <UnitOfMeasure>יחידה</UnitOfMeasure>
      <QtyInPackage>1</QtyInPackage>
      <ItemPrice>52.90</ItemPrice>
      <UnitOfMeasurePrice>52.90</UnitOfMeasurePrice>
      <AllowDiscount>1</AllowDiscount>
      <ItemStatus>1</ItemStatus>
    </Item>
    <Item>
      <PriceUpdateDate>2020-01-20 00:14</PriceUpdateDate>
      <ItemCode>7290111340871</ItemCode>
      <ItemType>1</ItemType>
      <ItemName>דיפנד תחתון סופג נשים XL</ItemName>
      <ManufacturerName>חוגלה קימברלי</ManufacturerName>
      <ManufactureCountry>CZ</ManufactureCountry>
      <ManufacturerItemDescription>תחתוני לייקרה</ManufacturerItemDescription>
      <UnitQty>יחידה</UnitQty>
      <Quantity>1.00</Quantity>
      <bIsWeighted>0</bIsWeighted>
      <UnitOfMeasure>יחידה</UnitOfMeasure>
      <QtyInPackage>1</QtyInPackage>
      <ItemPrice>52.90</ItemPrice>
      <UnitOfMeasurePrice>52.90</UnitOfMeasurePrice>
      <AllowDiscount>1</AllowDiscount>
      <ItemStatus>1</ItemStatus>
    </Item>
    <Item>
      <PriceUpdateDate>2020-01-20 00:14</PriceUpdateDate>
      <ItemCode>7290111340888</ItemCode>
      <ItemType>1</ItemType>
      <ItemName>דיפנד תחתון סופג גברים M</ItemName>
      <ManufacturerName>---</ManufacturerName>
      <ManufactureCountry>CZ</ManufactureCountry>
      <ManufacturerItemDescription>תחתוני לייקרה</ManufacturerItemDescription>
      <UnitQty>יחידה</UnitQty>
      <Quantity>1.00</Quantity>
      <bIsWeighted>0</bIsWeighted>
      <UnitOfMeasure>יחידה</UnitOfMeasure>
      <QtyInPackage>1</QtyInPackage>
      <ItemPrice>52.90</ItemPrice>
      <UnitOfMeasurePrice>52.90</UnitOfMeasurePrice>
      <AllowDiscount>1</AllowDiscount>
      <ItemStatus>1</ItemStatus>
    </Item>
    <Item>
      <PriceUpdateDate>2020-01-20 00:14</PriceUpdateDate>
      <ItemCode>7290111340895</ItemCode>
      <ItemType>1</ItemType>
      <ItemName>9 תחתוני לייקרה גברL</ItemName>
      <ManufacturerName>---</ManufacturerName>
      <ManufactureCountry>CZ</ManufactureCountry>
      <ManufacturerItemDescription>תחתוני לייקרה</ManufacturerItemDescription>
      <UnitQty>יחידה</UnitQty>
      <Quantity>1.00</Quantity>
      <bIsWeighted>0</bIsWeighted>
      <UnitOfMeasure>יחידה</UnitOfMeasure>
      <QtyInPackage>1</QtyInPackage>
      <ItemPrice>52.90</ItemPrice>
      <UnitOfMeasurePrice>52.90</UnitOfMeasurePrice>
      <AllowDiscount>1</AllowDiscount>
      <ItemStatus>1</ItemStatus>
    </Item>
    <Item>
      <PriceUpdateDate>2020-01-20 00:21</PriceUpdateDate>
      <ItemCode>7290111341434</ItemCode>
      <ItemType>1</ItemType>
      <ItemName>דיפנד אקטיב פיט נורמל</ItemName>
      <ManufacturerName>קימברלי קלארק</ManufacturerName>
      <ManufactureCountry>VN</ManufactureCountry>
      <ManufacturerItemDescription>תחבושות  דיפנד</ManufacturerItemDescription>
      <UnitQty>יחידה</UnitQty>
      <Quantity>1.00</Quantity>
      <bIsWeighted>0</bIsWeighted>
      <UnitOfMeasure>יחידה</UnitOfMeasure>
      <QtyInPackage>1</QtyInPackage>
      <ItemPrice>21.90</ItemPrice>
      <UnitOfMeasurePrice>21.90</UnitOfMeasurePrice>
      <AllowDiscount>1</AllowDiscount>
      <ItemStatus>1</ItemStatus>
    </Item>
    <Item>
      <PriceUpdateDate>2020-01-20 00:14</PriceUpdateDate>
      <ItemCode>7290111341540</ItemCode>
      <ItemType>1</ItemType>
      <ItemName>32 טמפוני קוטקס נורמל</ItemName>
      <ManufacturerName>קימברלי קלארק</ManufacturerName>
      <ManufactureCountry>CZ</ManufactureCountry>
      <ManufacturerItemDescription>טמפוני קוטקס</ManufacturerItemDescription>
      <UnitQty>יחידה</UnitQty>
      <Quantity>1.00</Quantity>
      <bIsWeighted>0</bIsWeighted>
      <UnitOfMeasure>יחידה</UnitOfMeasure>
      <QtyInPackage>1</QtyInPackage>
      <ItemPrice>26.90</ItemPrice>
      <UnitOfMeasurePrice>26.90</UnitOfMeasurePrice>
      <AllowDiscount>1</AllowDiscount>
      <ItemStatus>1</ItemStatus>
    </Item>
    <Item>
      <PriceUpdateDate>2020-01-20 00:14</PriceUpdateDate>
      <ItemCode>7290111341557</ItemCode>
      <ItemType>1</ItemType>
      <ItemName>32 טמפוני קוטקס סופר</ItemName>
      <ManufacturerName>קימברלי קלארק</ManufacturerName>
      <ManufactureCountry>CZ</ManufactureCountry>
      <ManufacturerItemDescription>טמפוני קוטקס</ManufacturerItemDescription>
      <UnitQty>יחידה</UnitQty>
      <Quantity>1.00</Quantity>
      <bIsWeighted>0</bIsWeighted>
      <UnitOfMeasure>יחידה</UnitOfMeasure>
      <QtyInPackage>1</QtyInPackage>
      <ItemPrice>26.90</ItemPrice>
      <UnitOfMeasurePrice>26.90</UnitOfMeasurePrice>
      <AllowDiscount>1</AllowDiscount>
      <ItemStatus>1</ItemStatus>
    </Item>
    <Item>
      <PriceUpdateDate>2020-01-20 00:09</PriceUpdateDate>
      <ItemCode>7290111341816</ItemCode>
      <ItemType>1</ItemType>
      <ItemName>נייר אפיה עם סליידר</ItemName>
      <ManufacturerName>---</ManufacturerName>
      <ManufactureCountry>IL</ManufactureCountry>
      <ManufacturerItemDescription>נייר אפיה</ManufacturerItemDescription>
      <UnitQty>יחידה</UnitQty>
      <Quantity>1.00</Quantity>
      <bIsWeighted>0</bIsWeighted>
      <UnitOfMeasure>יחידה</UnitOfMeasure>
      <QtyInPackage>1</QtyInPackage>
      <ItemPrice>24.90</ItemPrice>
      <UnitOfMeasurePrice>24.90</UnitOfMeasurePrice>
      <AllowDiscount>1</AllowDiscount>
      <ItemStatus>1</ItemStatus>
    </Item>
    <Item>
      <PriceUpdateDate>2020-01-20 00:21</PriceUpdateDate>
      <ItemCode>7290111341984</ItemCode>
      <ItemType>1</ItemType>
      <ItemName>לילי לח פיור מארז 4</ItemName>
      <ManufacturerName>עלבד</ManufacturerName>
      <ManufactureCountry>IL</ManufactureCountry>
      <ManufacturerItemDescription>נייר טואלט לח4יח</ManufacturerItemDescription>
      <UnitQty>יחידה</UnitQty>
      <Quantity>1.00</Quantity>
      <bIsWeighted>0</bIsWeighted>
      <UnitOfMeasure>יחידה</UnitOfMeasure>
      <QtyInPackage>1</QtyInPackage>
      <ItemPrice>22.00</ItemPrice>
      <UnitOfMeasurePrice>22.00</UnitOfMeasurePrice>
      <AllowDiscount>1</AllowDiscount>
      <ItemStatus>1</ItemStatus>
    </Item>
    <Item>
      <PriceUpdateDate>2020-10-10 21:00</PriceUpdateDate>
      <ItemCode>7290111342042</ItemCode>
      <ItemType>1</ItemType>
      <ItemName>כרית יפנית אנטיבקטריאלית</ItemName>
      <ManufacturerName>---</ManufacturerName>
      <ManufactureCountry>IL</ManufactureCountry>
      <ManufacturerItemDescription>כריות יפניות</ManufacturerItemDescription>
      <UnitQty>יחידה</UnitQty>
      <Quantity>1.00</Quantity>
      <bIsWeighted>0</bIsWeighted>
      <UnitOfMeasure>יחידה</UnitOfMeasure>
      <QtyInPackage>1</QtyInPackage>
      <ItemPrice>9.90</ItemPrice>
      <UnitOfMeasurePrice>9.90</UnitOfMeasurePrice>
      <AllowDiscount>1</AllowDiscount>
      <ItemStatus>1</ItemStatus>
    </Item>
    <Item>
      <PriceUpdateDate>2020-10-10 21:00</PriceUpdateDate>
      <ItemCode>7290111342059</ItemCode>
      <ItemType>1</ItemType>
      <ItemName>מטליות לחות לחיטוי 50 יח</ItemName>
      <ManufacturerName>---</ManufacturerName>
      <ManufactureCountry>IL</ManufactureCountry>
      <ManufacturerItemDescription>מטליות לחיטוי50י</ManufacturerItemDescription>
      <UnitQty>יחידה</UnitQty>
      <Quantity>1.00</Quantity>
      <bIsWeighted>0</bIsWeighted>
      <UnitOfMeasure>יחידה</UnitOfMeasure>
      <QtyInPackage>1</QtyInPackage>
      <ItemPrice>11.90</ItemPrice>
      <UnitOfMeasurePrice>11.90</UnitOfMeasurePrice>
      <AllowDiscount>1</AllowDiscount>
      <ItemStatus>1</ItemStatus>
    </Item>
    <Item>
      <PriceUpdateDate>2020-10-10 21:00</PriceUpdateDate>
      <ItemCode>7290111342073</ItemCode>
      <ItemType>1</ItemType>
      <ItemName>מטלית מקרופיבר אנטיבקטרי</ItemName>
      <ManufacturerName>---</ManufacturerName>
      <ManufactureCountry>CN</ManufactureCountry>
      <ManufacturerItemDescription>מטליות מקרופייבר</ManufacturerItemDescription>
      <UnitQty>יחידה</UnitQty>
      <Quantity>1.00</Quantity>
      <bIsWeighted>0</bIsWeighted>
      <UnitOfMeasure>יחידה</UnitOfMeasure>
      <QtyInPackage>1</QtyInPackage>
      <ItemPrice>12.90</ItemPrice>
      <UnitOfMeasurePrice>12.90</UnitOfMeasurePrice>
      <AllowDiscount>1</AllowDiscount>
      <ItemStatus>1</ItemStatus>
    </Item>
    <Item>
      <PriceUpdateDate>2020-01-20 00:21</PriceUpdateDate>
      <ItemCode>7290111342738</ItemCode>
      <ItemType>1</ItemType>
      <ItemName>לילי לח קידס מארז 4</ItemName>
      <ManufacturerName>---</ManufacturerName>
      <ManufactureCountry>IL</ManufactureCountry>
      <ManufacturerItemDescription>נייר טואלט לח4יח</ManufacturerItemDescription>
      <UnitQty>יחידה</UnitQty>
      <Quantity>1.00</Quantity>
      <bIsWeighted>0</bIsWeighted>
      <UnitOfMeasure>יחידה</UnitOfMeasure>
      <QtyInPackage>1</QtyInPackage>
      <ItemPrice>22.00</ItemPrice>
      <UnitOfMeasurePrice>22.00</UnitOfMeasurePrice>
      <AllowDiscount>1</AllowDiscount>
      <ItemStatus>1</ItemStatus>
    </Item>
    <Item>
      <PriceUpdateDate>2020-05-01 05:40</PriceUpdateDate>
      <ItemCode>7290111343445</ItemCode>
      <ItemType>1</ItemType>
      <ItemName>מטליות אנטיבקטראלי</ItemName>
      <ManufacturerName>---</ManufacturerName>
      <ManufactureCountry>IL</ManufactureCountry>
      <ManufacturerItemDescription>מטליות 70%אלכהול</ManufacturerItemDescription>
      <UnitQty>יחידה</UnitQty>
      <Quantity>1.00</Quantity>
      <bIsWeighted>0</bIsWeighted>
      <UnitOfMeasure>יחידה</UnitOfMeasure>
      <QtyInPackage>1</QtyInPackage>
      <ItemPrice>27.90</ItemPrice>
      <UnitOfMeasurePrice>27.90</UnitOfMeasurePrice>
      <AllowDiscount>1</AllowDiscount>
      <ItemStatus>1</ItemStatus>
    </Item>
    <Item>
      <PriceUpdateDate>2020-10-10 19:40</PriceUpdateDate>
      <ItemCode>7290111344275</ItemCode>
      <ItemType>1</ItemType>
      <ItemName>נ.ט.לילי פינק בייבי 32גל</ItemName>
      <ManufacturerName>חוגלה קימברלי</ManufacturerName>
      <ManufactureCountry>IL</ManufactureCountry>
      <ManufacturerItemDescription>נייר טואלט פינק</ManufacturerItemDescription>
      <UnitQty>מטרים</UnitQty>
      <Quantity>588.00</Quantity>
      <bIsWeighted>0</bIsWeighted>
      <UnitOfMeasure>100 מטר</UnitOfMeasure>
      <QtyInPackage>1</QtyInPackage>
      <ItemPrice>31.90</ItemPrice>
      <UnitOfMeasurePrice>5.43</UnitOfMeasurePrice>
      <AllowDiscount>1</AllowDiscount>
      <ItemStatus>1</ItemStatus>
    </Item>
    <Item>
      <PriceUpdateDate>2020-02-23 15:00</PriceUpdateDate>
      <ItemCode>7290111425103</ItemCode>
      <ItemType>1</ItemType>
      <ItemName>קרם ידיים וניל וקקאו100מ</ItemName>
      <ManufacturerName>CHILL</ManufacturerName>
      <ManufactureCountry>IL</ManufactureCountry>
      <ManufacturerItemDescription>ק.ידיים ונילה</ManufacturerItemDescription>
      <UnitQty>מיליליטרים</UnitQty>
      <Quantity>100.00</Quantity>
      <bIsWeighted>0</bIsWeighted>
      <UnitOfMeasure>100 מ"ל</UnitOfMeasure>
      <QtyInPackage>0</QtyInPackage>
      <ItemPrice>20.90</ItemPrice>
      <UnitOfMeasurePrice>20.90</UnitOfMeasurePrice>
      <AllowDiscount>1</AllowDiscount>
      <ItemStatus>1</ItemStatus>
    </Item>
    <Item>
      <PriceUpdateDate>2020-02-23 15:00</PriceUpdateDate>
      <ItemCode>7290111425196</ItemCode>
      <ItemType>1</ItemType>
      <ItemName>סקראב גוף סוכר חום 200</ItemName>
      <ManufacturerName>CHILL</ManufacturerName>
      <ManufactureCountry>IL</ManufactureCountry>
      <ManufacturerItemDescription>סקראב ג.סוכר וני</ManufacturerItemDescription>
      <UnitQty>מיליליטרים</UnitQty>
      <Quantity>200.00</Quantity>
      <bIsWeighted>0</bIsWeighted>
      <UnitOfMeasure>100 מ"ל</UnitOfMeasure>
      <QtyInPackage>0</QtyInPackage>
      <ItemPrice>36.90</ItemPrice>
      <UnitOfMeasurePrice>18.45</UnitOfMeasurePrice>
      <AllowDiscount>1</AllowDiscount>
      <ItemStatus>1</ItemStatus>
    </Item>
    <Item>
      <PriceUpdateDate>2020-02-23 15:00</PriceUpdateDate>
      <ItemCode>7290111425301</ItemCode>
      <ItemType>1</ItemType>
      <ItemName>פילינג פנים ענבים וצ'יה</ItemName>
      <ManufacturerName>CHILL</ManufacturerName>
      <ManufactureCountry>IL</ManufactureCountry>
      <ManufacturerItemDescription>פ.פנים ענב וצ'יה</ManufacturerItemDescription>
      <UnitQty>מיליליטרים</UnitQty>
      <Quantity>125.00</Quantity>
      <bIsWeighted>0</bIsWeighted>
      <UnitOfMeasure>100 מ"ל</UnitOfMeasure>
      <QtyInPackage>0</QtyInPackage>
      <ItemPrice>36.90</ItemPrice>
      <UnitOfMeasurePrice>29.52</UnitOfMeasurePrice>
      <AllowDiscount>1</AllowDiscount>
      <ItemStatus>1</ItemStatus>
    </Item>
    <Item>
      <PriceUpdateDate>2020-02-23 15:00</PriceUpdateDate>
      <ItemCode>7290111425318</ItemCode>
      <ItemType>1</ItemType>
      <ItemName>פילינג פנים זהב וג'ינג'ר</ItemName>
      <ManufacturerName>CHILL</ManufacturerName>
      <ManufactureCountry>IL</ManufactureCountry>
      <ManufacturerItemDescription>פילינג פנים זהב</ManufacturerItemDescription>
      <UnitQty>מיליליטרים</UnitQty>
      <Quantity>125.00</Quantity>
      <bIsWeighted>0</bIsWeighted>
      <UnitOfMeasure>100 מ"ל</UnitOfMeasure>
      <QtyInPackage>0</QtyInPackage>
      <ItemPrice>36.90</ItemPrice>
      <UnitOfMeasurePrice>29.52</UnitOfMeasurePrice>
      <AllowDiscount>1</AllowDiscount>
      <ItemStatus>1</ItemStatus>
    </Item>
    <Item>
      <PriceUpdateDate>2020-02-23 15:00</PriceUpdateDate>
      <ItemCode>7290111425363</ItemCode>
      <ItemType>1</ItemType>
      <ItemName>ליפ-סקראב תות-שדה</ItemName>
      <ManufacturerName>CHILL</ManufacturerName>
      <ManufactureCountry>IL</ManufactureCountry>
      <ManufacturerItemDescription>ליפ-סקראב תות</ManufacturerItemDescription>
      <UnitQty>מיליליטרים</UnitQty>
      <Quantity>15.00</Quantity>
      <bIsWeighted>0</bIsWeighted>
      <UnitOfMeasure>100 מ"ל</UnitOfMeasure>
      <QtyInPackage>0</QtyInPackage>
      <ItemPrice>20.90</ItemPrice>
      <UnitOfMeasurePrice>139.33</UnitOfMeasurePrice>
      <AllowDiscount>1</AllowDiscount>
      <ItemStatus>1</ItemStatus>
    </Item>
    <Item>
      <PriceUpdateDate>2020-02-23 15:00</PriceUpdateDate>
      <ItemCode>7290111425370</ItemCode>
      <ItemType>1</ItemType>
      <ItemName>ליפ-באלם תות שדה</ItemName>
      <ManufacturerName>CHILL</ManufacturerName>
      <ManufactureCountry>IL</ManufactureCountry>
      <ManufacturerItemDescription>ליפ-באלם תות שדה</ManufacturerItemDescription>
      <UnitQty>יחידה</UnitQty>
      <Quantity>1.00</Quantity>
      <bIsWeighted>0</bIsWeighted>
      <UnitOfMeasure>יחידה</UnitOfMeasure>
      <QtyInPackage>0</QtyInPackage>
      <ItemPrice>20.90</ItemPrice>
      <UnitOfMeasurePrice>20.90</UnitOfMeasurePrice>
      <AllowDiscount>1</AllowDiscount>
      <ItemStatus>1</ItemStatus>
    </Item>
    <Item>
      <PriceUpdateDate>2020-02-23 15:00</PriceUpdateDate>
      <ItemCode>7290111425486</ItemCode>
      <ItemType>1</ItemType>
      <ItemName>סבון פאי לימון</ItemName>
      <ManufacturerName>CHILL</ManufacturerName>
      <ManufactureCountry>IL</ManufactureCountry>
      <ManufacturerItemDescription>סבון פאי לימון</ManufacturerItemDescription>
      <UnitQty>גרמים</UnitQty>
      <Quantity>85.00</Quantity>
      <bIsWeighted>0</bIsWeighted>
      <UnitOfMeasure>100 גרם</UnitOfMeasure>
      <QtyInPackage>0</QtyInPackage>
      <ItemPrice>20.90</ItemPrice>
      <UnitOfMeasurePrice>24.59</UnitOfMeasurePrice>
      <AllowDiscount>1</AllowDiscount>
      <ItemStatus>1</ItemStatus>
    </Item>
    <Item>
      <PriceUpdateDate>2020-02-23 15:00</PriceUpdateDate>
      <ItemCode>7290111425509</ItemCode>
      <ItemType>1</ItemType>
      <ItemName>סבון מים</ItemName>
      <ManufacturerName>CHILL</ManufacturerName>
      <ManufactureCountry>IL</ManufactureCountry>
      <ManufacturerItemDescription>סבון מים</ManufacturerItemDescription>
      <UnitQty>גרמים</UnitQty>
      <Quantity>100.00</Quantity>
      <bIsWeighted>0</bIsWeighted>
      <UnitOfMeasure>100 גרם</UnitOfMeasure>
      <QtyInPackage>0</QtyInPackage>
      <ItemPrice>20.90</ItemPrice>
      <UnitOfMeasurePrice>20.90</UnitOfMeasurePrice>
      <AllowDiscount>1</AllowDiscount>
      <ItemStatus>1</ItemStatus>
    </Item>
    <Item>
      <PriceUpdateDate>2020-02-23 15:00</PriceUpdateDate>
      <ItemCode>7290111425516</ItemCode>
      <ItemType>1</ItemType>
      <ItemName>סבון קאפקייק</ItemName>
      <ManufacturerName>CHILL</ManufacturerName>
      <ManufactureCountry>IL</ManufactureCountry>
      <ManufacturerItemDescription>סבון קאפקייק</ManufacturerItemDescription>
      <UnitQty>גרמים</UnitQty>
      <Quantity>100.00</Quantity>
      <bIsWeighted>0</bIsWeighted>
      <UnitOfMeasure>100 גרם</UnitOfMeasure>
      <QtyInPackage>0</QtyInPackage>
      <ItemPrice>20.90</ItemPrice>
      <UnitOfMeasurePrice>20.90</UnitOfMeasurePrice>
      <AllowDiscount>1</AllowDiscount>
      <ItemStatus>1</ItemStatus>
    </Item>
    <Item>
      <PriceUpdateDate>2020-01-20 00:13</PriceUpdateDate>
      <ItemCode>7290111425530</ItemCode>
      <ItemType>1</ItemType>
      <ItemName>סבון קריסטל ירוק</ItemName>
      <ManufacturerName>CHILL</ManufacturerName>
      <ManufactureCountry>IL</ManufactureCountry>
      <ManufacturerItemDescription>סבון קריסטל ירוק</ManufacturerItemDescription>
      <UnitQty>גרמים</UnitQty>
      <Quantity>120.00</Quantity>
      <bIsWeighted>0</bIsWeighted>
      <UnitOfMeasure>100 גרם</UnitOfMeasure>
      <QtyInPackage>0</QtyInPackage>
      <ItemPrice>29.90</ItemPrice>
      <UnitOfMeasurePrice>24.92</UnitOfMeasurePrice>
      <AllowDiscount>1</AllowDiscount>
      <ItemStatus>1</ItemStatus>
    </Item>
    <Item>
      <PriceUpdateDate>2020-01-20 00:13</PriceUpdateDate>
      <ItemCode>7290111425547</ItemCode>
      <ItemType>1</ItemType>
      <ItemName>סבון קריסטל כחול</ItemName>
      <ManufacturerName>CHILL</ManufacturerName>
      <ManufactureCountry>IL</ManufactureCountry>
      <ManufacturerItemDescription>סבון קריסטל כחול</ManufacturerItemDescription>
      <UnitQty>גרמים</UnitQty>
      <Quantity>120.00</Quantity>
      <bIsWeighted>0</bIsWeighted>
      <UnitOfMeasure>100 גרם</UnitOfMeasure>
      <QtyInPackage>0</QtyInPackage>
      <ItemPrice>29.90</ItemPrice>
      <UnitOfMeasurePrice>24.92</UnitOfMeasurePrice>
      <AllowDiscount>1</AllowDiscount>
      <ItemStatus>1</ItemStatus>
    </Item>
    <Item>
      <PriceUpdateDate>2020-02-23 15:00</PriceUpdateDate>
      <ItemCode>7290111425554</ItemCode>
      <ItemType>1</ItemType>
      <ItemName>סבון פרחוני</ItemName>
      <ManufacturerName>CHILL</ManufacturerName>
      <ManufactureCountry>IL</ManufactureCountry>
      <ManufacturerItemDescription>סבון פרחוני</ManufacturerItemDescription>
      <UnitQty>גרמים</UnitQty>
      <Quantity>100.00</Quantity>
      <bIsWeighted>0</bIsWeighted>
      <UnitOfMeasure>100 גרם</UnitOfMeasure>
      <QtyInPackage>0</QtyInPackage>
      <ItemPrice>20.90</ItemPrice>
      <UnitOfMeasurePrice>20.90</UnitOfMeasurePrice>
      <AllowDiscount>1</AllowDiscount>
      <ItemStatus>1</ItemStatus>
    </Item>
    <Item>
      <PriceUpdateDate>2020-01-20 00:13</PriceUpdateDate>
      <ItemCode>7290111425622</ItemCode>
      <ItemType>1</ItemType>
      <ItemName>סבון  מקרון צהוב</ItemName>
      <ManufacturerName>CHILL</ManufacturerName>
      <ManufactureCountry>IL</ManufactureCountry>
      <ManufacturerItemDescription>סבון  מקרון צהוב</ManufacturerItemDescription>
      <UnitQty>גרמים</UnitQty>
      <Quantity>19.00</Quantity>
      <bIsWeighted>0</bIsWeighted>
      <UnitOfMeasure>100 גרם</UnitOfMeasure>
      <QtyInPackage>0</QtyInPackage>
      <ItemPrice>11.90</ItemPrice>
      <UnitOfMeasurePrice>62.63</UnitOfMeasurePrice>
      <AllowDiscount>1</AllowDiscount>
      <ItemStatus>1</ItemStatus>
    </Item>
    <Item>
      <PriceUpdateDate>2020-02-23 15:00</PriceUpdateDate>
      <ItemCode>7290111425646</ItemCode>
      <ItemType>1</ItemType>
      <ItemName>פצצת אמבט פרחים ירוקה</ItemName>
      <ManufacturerName>CHILL</ManufacturerName>
      <ManufactureCountry>IL</ManufactureCountry>
      <ManufacturerItemDescription>פ.אמבט פ.ירוקה</ManufacturerItemDescription>
      <UnitQty>גרמים</UnitQty>
      <Quantity>250.00</Quantity>
      <bIsWeighted>0</bIsWeighted>
      <UnitOfMeasure>100 גרם</UnitOfMeasure>
      <QtyInPackage>0</QtyInPackage>
      <ItemPrice>25.90</ItemPrice>
      <UnitOfMeasurePrice>10.36</UnitOfMeasurePrice>
      <AllowDiscount>1</AllowDiscount>
      <ItemStatus>1</ItemStatus>
    </Item>
    <Item>
      <PriceUpdateDate>2020-02-21 08:25</PriceUpdateDate>
      <ItemCode>7290111425721</ItemCode>
      <ItemType>1</ItemType>
      <ItemName>פצצת אמבט בצורת יהלום</ItemName>
      <ManufacturerName>CHILL</ManufacturerName>
      <ManufactureCountry>IL</ManufactureCountry>
      <ManufacturerItemDescription>פצצת אמבט יהלום</ManufacturerItemDescription>
      <UnitQty>גרמים</UnitQty>
      <Quantity>200.00</Quantity>
      <bIsWeighted>0</bIsWeighted>
      <UnitOfMeasure>100 גרם</UnitOfMeasure>
      <QtyInPackage>0</QtyInPackage>
      <ItemPrice>25.90</ItemPrice>
      <UnitOfMeasurePrice>12.95</UnitOfMeasurePrice>
      <AllowDiscount>1</AllowDiscount>
      <ItemStatus>1</ItemStatus>
    </Item>
    <Item>
      <PriceUpdateDate>2020-01-20 00:13</PriceUpdateDate>
      <ItemCode>7290111427848</ItemCode>
      <ItemType>1</ItemType>
      <ItemName>סבון מקרון ירוק 19 גרם</ItemName>
      <ManufacturerName>CHILL</ManufacturerName>
      <ManufactureCountry>IL</ManufactureCountry>
      <ManufacturerItemDescription>סבון מקרון ירוק</ManufacturerItemDescription>
      <UnitQty>גרמים</UnitQty>
      <Quantity>19.00</Quantity>
      <bIsWeighted>0</bIsWeighted>
      <UnitOfMeasure>100 גרם</UnitOfMeasure>
      <QtyInPackage>1</QtyInPackage>
      <ItemPrice>11.90</ItemPrice>
      <UnitOfMeasurePrice>62.63</UnitOfMeasurePrice>
      <AllowDiscount>1</AllowDiscount>
      <ItemStatus>1</ItemStatus>
    </Item>
    <Item>
      <PriceUpdateDate>2020-10-10 21:30</PriceUpdateDate>
      <ItemCode>7290111682636</ItemCode>
      <ItemType>1</ItemType>
      <ItemName>בי קיינד אגוזים+שוק40*3ג</ItemName>
      <ManufacturerName>מרס</ManufacturerName>
      <ManufactureCountry>US</ManufactureCountry>
      <ManufacturerItemDescription>בי קיינד 3 יח</ManufacturerItemDescription>
      <UnitQty>גרמים</UnitQty>
      <Quantity>120.00</Quantity>
      <bIsWeighted>0</bIsWeighted>
      <UnitOfMeasure>100 גרם</UnitOfMeasure>
      <QtyInPackage>1</QtyInPackage>
      <ItemPrice>9.90</ItemPrice>
      <UnitOfMeasurePrice>8.25</UnitOfMeasurePrice>
      <AllowDiscount>1</AllowDiscount>
      <ItemStatus>1</ItemStatus>
    </Item>
    <Item>
      <PriceUpdateDate>2020-03-22 11:55</PriceUpdateDate>
      <ItemCode>7290111879159</ItemCode>
      <ItemType>1</ItemType>
      <ItemName>בקבוק טריטן מרובע כוח פי</ItemName>
      <ManufacturerName>כללי</ManufacturerName>
      <ManufactureCountry>CN</ManufactureCountry>
      <ManufacturerItemDescription>בקבוק טריטן מרוב</ManufacturerItemDescription>
      <UnitQty>יחידה</UnitQty>
      <Quantity>1.00</Quantity>
      <bIsWeighted>0</bIsWeighted>
      <UnitOfMeasure>יחידה</UnitOfMeasure>
      <QtyInPackage>1</QtyInPackage>
      <ItemPrice>26.90</ItemPrice>
      <UnitOfMeasurePrice>26.90</UnitOfMeasurePrice>
      <AllowDiscount>1</AllowDiscount>
      <ItemStatus>1</ItemStatus>
    </Item>
    <Item>
      <PriceUpdateDate>2020-01-20 00:09</PriceUpdateDate>
      <ItemCode>7290111930898</ItemCode>
      <ItemType>1</ItemType>
      <ItemName>פוף כוכבים גריל אמריקא40</ItemName>
      <ManufacturerName>מנה</ManufacturerName>
      <ManufactureCountry>IL</ManufactureCountry>
      <ManufacturerItemDescription>פוף כוכבים גריל</ManufacturerItemDescription>
      <UnitQty>גרמים</UnitQty>
      <Quantity>40.00</Quantity>
      <bIsWeighted>0</bIsWeighted>
      <UnitOfMeasure>100 גרם</UnitOfMeasure>
      <QtyInPackage>1</QtyInPackage>
      <ItemPrice>4.90</ItemPrice>
      <UnitOfMeasurePrice>12.25</UnitOfMeasurePrice>
      <AllowDiscount>1</AllowDiscount>
      <ItemStatus>1</ItemStatus>
    </Item>
    <Item>
      <PriceUpdateDate>2020-01-20 00:09</PriceUpdateDate>
      <ItemCode>7290111930935</ItemCode>
      <ItemType>1</ItemType>
      <ItemName>פוף טבעות קלאסי 40 גרם</ItemName>
      <ManufacturerName>מנה</ManufacturerName>
      <ManufactureCountry>IL</ManufactureCountry>
      <ManufacturerItemDescription>פוף טבעות</ManufacturerItemDescription>
      <UnitQty>גרמים</UnitQty>
      <Quantity>40.00</Quantity>
      <bIsWeighted>0</bIsWeighted>
      <UnitOfMeasure>100 גרם</UnitOfMeasure>
      <QtyInPackage>1</QtyInPackage>
      <ItemPrice>4.90</ItemPrice>
      <UnitOfMeasurePrice>12.25</UnitOfMeasurePrice>
      <AllowDiscount>1</AllowDiscount>
      <ItemStatus>1</ItemStatus>
    </Item>
    <Item>
      <PriceUpdateDate>2020-01-20 00:14</PriceUpdateDate>
      <ItemCode>7290111931321</ItemCode>
      <ItemType>1</ItemType>
      <ItemName>מש.קולגייט +6 מיניונים50</ItemName>
      <ManufacturerName>קולגייט- פלמוליב</ManufacturerName>
      <ManufactureCountry>PL</ManufactureCountry>
      <ManufacturerItemDescription>קולגייט מיניונים</ManufacturerItemDescription>
      <UnitQty>מיליליטרים</UnitQty>
      <Quantity>50.00</Quantity>
      <bIsWeighted>0</bIsWeighted>
      <UnitOfMeasure>100 מ"ל</UnitOfMeasure>
      <QtyInPackage>1</QtyInPackage>
      <ItemPrice>13.90</ItemPrice>
      <UnitOfMeasurePrice>27.80</UnitOfMeasurePrice>
      <AllowDiscount>1</AllowDiscount>
      <ItemStatus>1</ItemStatus>
    </Item>
    <Item>
      <PriceUpdateDate>2020-03-22 11:55</PriceUpdateDate>
      <ItemCode>7290111932380</ItemCode>
      <ItemType>1</ItemType>
      <ItemName>משחת מרידול 75*2 מ"ל</ItemName>
      <ManufacturerName>---</ManufacturerName>
      <ManufactureCountry>PL</ManufactureCountry>
      <ManufacturerItemDescription>משחת מרידול 2 יח</ManufacturerItemDescription>
      <UnitQty>מיליליטרים</UnitQty>
      <Quantity>150.00</Quantity>
      <bIsWeighted>0</bIsWeighted>
      <UnitOfMeasure>100 מ"ל</UnitOfMeasure>
      <QtyInPackage>1</QtyInPackage>
      <ItemPrice>29.90</ItemPrice>
      <UnitOfMeasurePrice>19.93</UnitOfMeasurePrice>
      <AllowDiscount>1</AllowDiscount>
      <ItemStatus>1</ItemStatus>
    </Item>
    <Item>
      <PriceUpdateDate>2020-10-10 20:20</PriceUpdateDate>
      <ItemCode>7290111932502</ItemCode>
      <ItemType>1</ItemType>
      <ItemName>משחת אופטיק וייט אקס75מ</ItemName>
      <ManufacturerName>---</ManufacturerName>
      <ManufactureCountry>MX</ManufactureCountry>
      <ManufacturerItemDescription>משחת שיניים</ManufacturerItemDescription>
      <UnitQty>מיליליטרים</UnitQty>
      <Quantity>75.00</Quantity>
      <bIsWeighted>0</bIsWeighted>
      <UnitOfMeasure>100 מ"ל</UnitOfMeasure>
      <QtyInPackage>1</QtyInPackage>
      <ItemPrice>24.90</ItemPrice>
      <UnitOfMeasurePrice>33.20</UnitOfMeasurePrice>
      <AllowDiscount>1</AllowDiscount>
      <ItemStatus>1</ItemStatus>
    </Item>
    <Item>
      <PriceUpdateDate>2020-10-10 20:20</PriceUpdateDate>
      <ItemCode>7290111935527</ItemCode>
      <ItemType>1</ItemType>
      <ItemName>קולגייט טוטל קלין 100*2</ItemName>
      <ManufacturerName>קולגייט פלמוליב</ManufacturerName>
      <ManufactureCountry>PL</ManufactureCountry>
      <ManufacturerItemDescription>משחת קולגייט</ManufacturerItemDescription>
      <UnitQty>מיליליטרים</UnitQty>
      <Quantity>200.00</Quantity>
      <bIsWeighted>0</bIsWeighted>
      <UnitOfMeasure>100 מ"ל</UnitOfMeasure>
      <QtyInPackage>1</QtyInPackage>
      <ItemPrice>29.90</ItemPrice>
      <UnitOfMeasurePrice>14.95</UnitOfMeasurePrice>
      <AllowDiscount>1</AllowDiscount>
      <ItemStatus>1</ItemStatus>
    </Item>
    <Item>
      <PriceUpdateDate>2020-10-10 21:00</PriceUpdateDate>
      <ItemCode>7290111935824</ItemCode>
      <ItemType>1</ItemType>
      <ItemName>ליידי ס"ס אומגה 3 45 גרם</ItemName>
      <ManufacturerName>---</ManufacturerName>
      <ManufactureCountry>US</ManufactureCountry>
      <ManufacturerItemDescription>דרמה סטיק אומגה</ManufacturerItemDescription>
      <UnitQty>גרמים</UnitQty>
      <Quantity>45.00</Quantity>
      <bIsWeighted>0</bIsWeighted>
      <UnitOfMeasure>100 גרם</UnitOfMeasure>
      <QtyInPackage>1</QtyInPackage>
      <ItemPrice>17.90</ItemPrice>
      <UnitOfMeasurePrice>39.78</UnitOfMeasurePrice>
      <AllowDiscount>1</AllowDiscount>
      <ItemStatus>1</ItemStatus>
    </Item>
    <Item>
      <PriceUpdateDate>2020-10-10 21:00</PriceUpdateDate>
      <ItemCode>7290111936258</ItemCode>
      <ItemType>1</ItemType>
      <ItemName>ס.סטיק ספריי פרידום140מל</ItemName>
      <ManufacturerName>קולגייט פלמוליב</ManufacturerName>
      <ManufactureCountry>MX</ManufactureCountry>
      <ManufacturerItemDescription>ספיד סטיק ספריי</ManufacturerItemDescription>
      <UnitQty>מיליליטרים</UnitQty>
      <Quantity>140.00</Quantity>
      <bIsWeighted>0</bIsWeighted>
      <UnitOfMeasure>100 מ"ל</UnitOfMeasure>
      <QtyInPackage>1</QtyInPackage>
      <ItemPrice>14.90</ItemPrice>
      <UnitOfMeasurePrice>10.64</UnitOfMeasurePrice>
      <AllowDiscount>1</AllowDiscount>
      <ItemStatus>1</ItemStatus>
    </Item>
    <Item>
      <PriceUpdateDate>2020-10-10 20:20</PriceUpdateDate>
      <ItemCode>7290111936487</ItemCode>
      <ItemType>1</ItemType>
      <ItemName>קולגייט טוטל הלבנה 100*2</ItemName>
      <ManufacturerName>---</ManufacturerName>
      <ManufactureCountry>PL</ManufactureCountry>
      <ManufacturerItemDescription>משחת קולגייט</ManufacturerItemDescription>
      <UnitQty>מיליליטרים</UnitQty>
      <Quantity>200.00</Quantity>
      <bIsWeighted>0</bIsWeighted>
      <UnitOfMeasure>100 מ"ל</UnitOfMeasure>
      <QtyInPackage>1</QtyInPackage>
      <ItemPrice>29.90</ItemPrice>
      <UnitOfMeasurePrice>14.95</UnitOfMeasurePrice>
      <AllowDiscount>1</AllowDiscount>
      <ItemStatus>1</ItemStatus>
    </Item>
    <Item>
      <PriceUpdateDate>2020-10-10 20:20</PriceUpdateDate>
      <ItemCode>7290111938801</ItemCode>
      <ItemType>1</ItemType>
      <ItemName>ג'ל רחצה מיסלרי כותנה750</ItemName>
      <ManufacturerName>קולגייט פלמוליב</ManufacturerName>
      <ManufactureCountry>TR</ManufactureCountry>
      <ManufacturerItemDescription>ג'ל רחצה</ManufacturerItemDescription>
      <UnitQty>מיליליטרים</UnitQty>
      <Quantity>750.00</Quantity>
      <bIsWeighted>0</bIsWeighted>
      <UnitOfMeasure>100 מ"ל</UnitOfMeasure>
      <QtyInPackage>1</QtyInPackage>
      <ItemPrice>15.90</ItemPrice>
      <UnitOfMeasurePrice>2.12</UnitOfMeasurePrice>
      <AllowDiscount>1</AllowDiscount>
      <ItemStatus>1</ItemStatus>
    </Item>
    <Item>
      <PriceUpdateDate>2020-01-20 00:12</PriceUpdateDate>
      <ItemCode>7290111939686</ItemCode>
      <ItemType>1</ItemType>
      <ItemName>פרי חטיף תמרים סיידר125ג</ItemName>
      <ManufacturerName>טבעית מוצרים מהטבע בע"\מ</ManufacturerName>
      <ManufactureCountry>IL</ManufactureCountry>
      <ManufacturerItemDescription>פרי חטיף תמרים</ManufacturerItemDescription>
      <UnitQty>גרמים</UnitQty>
      <Quantity>125.00</Quantity>
      <bIsWeighted>0</bIsWeighted>
      <UnitOfMeasure>100 גרם</UnitOfMeasure>
      <QtyInPackage>1</QtyInPackage>
      <ItemPrice>19.90</ItemPrice>
      <UnitOfMeasurePrice>15.92</UnitOfMeasurePrice>
      <AllowDiscount>1</AllowDiscount>
      <ItemStatus>1</ItemStatus>
    </Item>
    <Item>
      <PriceUpdateDate>2020-01-20 00:21</PriceUpdateDate>
      <ItemCode>7290112000392</ItemCode>
      <ItemType>1</ItemType>
      <ItemName>דטול תרסיס לאמבטיה 750מל</ItemName>
      <ManufacturerName>רקיט בנקיזר</ManufacturerName>
      <ManufactureCountry>PL</ManufactureCountry>
      <ManufacturerItemDescription>תרסיס לאמבטיה</ManufacturerItemDescription>
      <UnitQty>מיליליטרים</UnitQty>
      <Quantity>750.00</Quantity>
      <bIsWeighted>0</bIsWeighted>
      <UnitOfMeasure>100 מ"ל</UnitOfMeasure>
      <QtyInPackage>1</QtyInPackage>
      <ItemPrice>16.90</ItemPrice>
      <UnitOfMeasurePrice>2.25</UnitOfMeasurePrice>
      <AllowDiscount>1</AllowDiscount>
      <ItemStatus>1</ItemStatus>
    </Item>
    <Item>
      <PriceUpdateDate>2020-01-20 00:14</PriceUpdateDate>
      <ItemCode>7290112000729</ItemCode>
      <ItemType>1</ItemType>
      <ItemName>ויט קרם לגבר 200 מ"ל</ItemName>
      <ManufacturerName>רקיט בנקיזר</ManufacturerName>
      <ManufactureCountry>FR</ManufactureCountry>
      <ManufacturerItemDescription>ויט קרם לגבר</ManufacturerItemDescription>
      <UnitQty>מיליליטרים</UnitQty>
      <Quantity>200.00</Quantity>
      <bIsWeighted>0</bIsWeighted>
      <UnitOfMeasure>100 מ"ל</UnitOfMeasure>
      <QtyInPackage>1</QtyInPackage>
      <ItemPrice>67.90</ItemPrice>
      <UnitOfMeasurePrice>33.95</UnitOfMeasurePrice>
      <AllowDiscount>1</AllowDiscount>
      <ItemStatus>1</ItemStatus>
    </Item>
    <Item>
      <PriceUpdateDate>2020-08-07 05:42</PriceUpdateDate>
      <ItemCode>7290112000736</ItemCode>
      <ItemType>1</ItemType>
      <ItemName>פיניש טבליות הכל ב1 80יח</ItemName>
      <ManufacturerName>רקיט בנקיזר</ManufacturerName>
      <ManufactureCountry>PL</ManufactureCountry>
      <ManufacturerItemDescription>פיניש 80 טבליות</ManufacturerItemDescription>
      <UnitQty>יחידה</UnitQty>
      <Quantity>1.00</Quantity>
      <bIsWeighted>0</bIsWeighted>
      <UnitOfMeasure>יחידה</UnitOfMeasure>
      <QtyInPackage>1</QtyInPackage>
      <ItemPrice>61.90</ItemPrice>
      <UnitOfMeasurePrice>61.90</UnitOfMeasurePrice>
      <AllowDiscount>1</AllowDiscount>
      <ItemStatus>1</ItemStatus>
    </Item>
    <Item>
      <PriceUpdateDate>2020-01-20 00:21</PriceUpdateDate>
      <ItemCode>7290112000798</ItemCode>
      <ItemType>1</ItemType>
      <ItemName>דטול מחטא משטח.לימון750מ</ItemName>
      <ManufacturerName>רקיט בנקיזר</ManufacturerName>
      <ManufactureCountry>GB</ManufactureCountry>
      <ManufacturerItemDescription>דטול מחטא משטחים</ManufacturerItemDescription>
      <UnitQty>מיליליטרים</UnitQty>
      <Quantity>750.00</Quantity>
      <bIsWeighted>0</bIsWeighted>
      <UnitOfMeasure>100 מ"ל</UnitOfMeasure>
      <QtyInPackage>1</QtyInPackage>
      <ItemPrice>16.90</ItemPrice>
      <UnitOfMeasurePrice>2.25</UnitOfMeasurePrice>
      <AllowDiscount>1</AllowDiscount>
      <ItemStatus>1</ItemStatus>
    </Item>
    <Item>
      <PriceUpdateDate>2020-01-20 00:21</PriceUpdateDate>
      <ItemCode>7290112000842</ItemCode>
      <ItemType>1</ItemType>
      <ItemName>דטול מגבונ.ניקוי כללי60י</ItemName>
      <ManufacturerName>רקיט בנקיזר</ManufacturerName>
      <ManufactureCountry>PL</ManufactureCountry>
      <ManufacturerItemDescription>מגבונים דטול</ManufacturerItemDescription>
      <UnitQty>יחידה</UnitQty>
      <Quantity>1.00</Quantity>
      <bIsWeighted>0</bIsWeighted>
      <UnitOfMeasure>יחידה</UnitOfMeasure>
      <QtyInPackage>1</QtyInPackage>
      <ItemPrice>16.90</ItemPrice>
      <UnitOfMeasurePrice>16.90</UnitOfMeasurePrice>
      <AllowDiscount>1</AllowDiscount>
      <ItemStatus>1</ItemStatus>
    </Item>
    <Item>
      <PriceUpdateDate>2020-01-20 00:21</PriceUpdateDate>
      <ItemCode>7290112000873</ItemCode>
      <ItemType>1</ItemType>
      <ItemName>דטול מגבונים לאמבטיה60יח</ItemName>
      <ManufacturerName>רקיט בנקיזר</ManufacturerName>
      <ManufactureCountry>PL</ManufactureCountry>
      <ManufacturerItemDescription>מגבונים לאמבטיה</ManufacturerItemDescription>
      <UnitQty>יחידה</UnitQty>
      <Quantity>1.00</Quantity>
      <bIsWeighted>0</bIsWeighted>
      <UnitOfMeasure>יחידה</UnitOfMeasure>
      <QtyInPackage>1</QtyInPackage>
      <ItemPrice>16.90</ItemPrice>
      <UnitOfMeasurePrice>16.90</UnitOfMeasurePrice>
      <AllowDiscount>1</AllowDiscount>
      <ItemStatus>1</ItemStatus>
    </Item>
    <Item>
      <PriceUpdateDate>2020-06-11 14:42</PriceUpdateDate>
      <ItemCode>7290112001641</ItemCode>
      <ItemType>1</ItemType>
      <ItemName>מסיר כתמים קליה 950 מ"ל</ItemName>
      <ManufacturerName>רקיט בנקיזר</ManufacturerName>
      <ManufactureCountry>IL</ManufactureCountry>
      <ManufacturerItemDescription>קליה מסיר כתמים</ManufacturerItemDescription>
      <UnitQty>מיליליטרים</UnitQty>
      <Quantity>950.00</Quantity>
      <bIsWeighted>0</bIsWeighted>
      <UnitOfMeasure>100 מ"ל</UnitOfMeasure>
      <QtyInPackage>1</QtyInPackage>
      <ItemPrice>21.90</ItemPrice>
      <UnitOfMeasurePrice>2.31</UnitOfMeasurePrice>
      <AllowDiscount>1</AllowDiscount>
      <ItemStatus>1</ItemStatus>
    </Item>
    <Item>
      <PriceUpdateDate>2020-10-10 20:20</PriceUpdateDate>
      <ItemCode>7290112192240</ItemCode>
      <ItemType>1</ItemType>
      <ItemName>2מברשות  סנסודיין גם קר</ItemName>
      <ManufacturerName>L Co., Industrial Shummi</ManufacturerName>
      <ManufactureCountry>CN</ManufactureCountry>
      <ManufacturerItemDescription>מברשות סנסודיין</ManufacturerItemDescription>
      <UnitQty>יחידה</UnitQty>
      <Quantity>1.00</Quantity>
      <bIsWeighted>0</bIsWeighted>
      <UnitOfMeasure>יחידה</UnitOfMeasure>
      <QtyInPackage>1</QtyInPackage>
      <ItemPrice>19.90</ItemPrice>
      <UnitOfMeasurePrice>19.90</UnitOfMeasurePrice>
      <AllowDiscount>1</AllowDiscount>
      <ItemStatus>1</ItemStatus>
    </Item>
    <Item>
      <PriceUpdateDate>2020-10-10 21:30</PriceUpdateDate>
      <ItemCode>7290112192325</ItemCode>
      <ItemType>1</ItemType>
      <ItemName>ספירה מכשיר45+לילות יחיד</ItemName>
      <ManufacturerName>זובלה ויה פרסינה 4</ManufacturerName>
      <ManufactureCountry>IT</ManufactureCountry>
      <ManufacturerItemDescription>ספירה מכשיר45+לי</ManufacturerItemDescription>
      <UnitQty>יחידה</UnitQty>
      <Quantity>1.00</Quantity>
      <bIsWeighted>0</bIsWeighted>
      <UnitOfMeasure>יחידה</UnitOfMeasure>
      <QtyInPackage>1</QtyInPackage>
      <ItemPrice>27.90</ItemPrice>
      <UnitOfMeasurePrice>27.90</UnitOfMeasurePrice>
      <AllowDiscount>1</AllowDiscount>
      <ItemStatus>1</ItemStatus>
    </Item>
    <Item>
      <PriceUpdateDate>2020-10-10 20:20</PriceUpdateDate>
      <ItemCode>7290112192561</ItemCode>
      <ItemType>1</ItemType>
      <ItemName>פרודונטקס הגנה מלבינה75מ</ItemName>
      <ManufacturerName>DEMICLEN</ManufacturerName>
      <ManufactureCountry>IE</ManufactureCountry>
      <ManufacturerItemDescription>משחה פרודונטקס</ManufacturerItemDescription>
      <UnitQty>מיליליטרים</UnitQty>
      <Quantity>75.00</Quantity>
      <bIsWeighted>0</bIsWeighted>
      <UnitOfMeasure>100 מ"ל</UnitOfMeasure>
      <QtyInPackage>1</QtyInPackage>
      <ItemPrice>31.90</ItemPrice>
      <UnitOfMeasurePrice>42.54</UnitOfMeasurePrice>
      <AllowDiscount>1</AllowDiscount>
      <ItemStatus>1</ItemStatus>
    </Item>
    <Item>
      <PriceUpdateDate>2020-10-10 20:20</PriceUpdateDate>
      <ItemCode>7290112192578</ItemCode>
      <ItemType>1</ItemType>
      <ItemName>משחת פרודונטקס הגנה 75מל</ItemName>
      <ManufacturerName>DEMICLEN</ManufacturerName>
      <ManufactureCountry>IE</ManufactureCountry>
      <ManufacturerItemDescription>משחת פרודונטקס</ManufacturerItemDescription>
      <UnitQty>מיליליטרים</UnitQty>
      <Quantity>75.00</Quantity>
      <bIsWeighted>0</bIsWeighted>
      <UnitOfMeasure>100 מ"ל</UnitOfMeasure>
      <QtyInPackage>1</QtyInPackage>
      <ItemPrice>31.90</ItemPrice>
      <UnitOfMeasurePrice>42.54</UnitOfMeasurePrice>
      <AllowDiscount>1</AllowDiscount>
      <ItemStatus>1</ItemStatus>
    </Item>
    <Item>
      <PriceUpdateDate>2020-01-20 00:14</PriceUpdateDate>
      <ItemCode>7290112192585</ItemCode>
      <ItemType>1</ItemType>
      <ItemName>מברשת פרודונטקס סופט</ItemName>
      <ManufacturerName>DEMICLEN</ManufacturerName>
      <ManufactureCountry>DE</ManufactureCountry>
      <ManufacturerItemDescription>מברשת פרודונטקס</ManufacturerItemDescription>
      <UnitQty>יחידה</UnitQty>
      <Quantity>1.00</Quantity>
      <bIsWeighted>0</bIsWeighted>
      <UnitOfMeasure>יחידה</UnitOfMeasure>
      <QtyInPackage>1</QtyInPackage>
      <ItemPrice>34.90</ItemPrice>
      <UnitOfMeasurePrice>34.90</UnitOfMeasurePrice>
      <AllowDiscount>1</AllowDiscount>
      <ItemStatus>1</ItemStatus>
    </Item>
    <Item>
      <PriceUpdateDate>2020-10-10 20:20</PriceUpdateDate>
      <ItemCode>7290112192875</ItemCode>
      <ItemType>1</ItemType>
      <ItemName>סנסודין רגישות+חניכיים75</ItemName>
      <ManufacturerName>MICLEN DE</ManufacturerName>
      <ManufactureCountry>GB</ManufactureCountry>
      <ManufacturerItemDescription>משחת סנסודיין</ManufacturerItemDescription>
      <UnitQty>מיליליטרים</UnitQty>
      <Quantity>75.00</Quantity>
      <bIsWeighted>0</bIsWeighted>
      <UnitOfMeasure>100 מ"ל</UnitOfMeasure>
      <QtyInPackage>1</QtyInPackage>
      <ItemPrice>29.90</ItemPrice>
      <UnitOfMeasurePrice>39.86</UnitOfMeasurePrice>
      <AllowDiscount>1</AllowDiscount>
      <ItemStatus>1</ItemStatus>
    </Item>
    <Item>
      <PriceUpdateDate>2020-10-10 20:20</PriceUpdateDate>
      <ItemCode>7290112192882</ItemCode>
      <ItemType>1</ItemType>
      <ItemName>סנסודיין משחה מלבינה75מל</ItemName>
      <ManufacturerName>MICLEN DE</ManufacturerName>
      <ManufactureCountry>GB</ManufactureCountry>
      <ManufacturerItemDescription>משחת סנסודיין</ManufacturerItemDescription>
      <UnitQty>מיליליטרים</UnitQty>
      <Quantity>75.00</Quantity>
      <bIsWeighted>0</bIsWeighted>
      <UnitOfMeasure>100 מ"ל</UnitOfMeasure>
      <QtyInPackage>1</QtyInPackage>
      <ItemPrice>29.90</ItemPrice>
      <UnitOfMeasurePrice>39.86</UnitOfMeasurePrice>
      <AllowDiscount>1</AllowDiscount>
      <ItemStatus>1</ItemStatus>
    </Item>
    <Item>
      <PriceUpdateDate>2020-08-03 11:58</PriceUpdateDate>
      <ItemCode>7290112193278</ItemCode>
      <ItemType>1</ItemType>
      <ItemName>שמפו מתולתלות סטייל 600מ</ItemName>
      <ManufacturerName>א.ל.ארמן ייצור תמרוקים ב</ManufacturerName>
      <ManufactureCountry>IL</ManufactureCountry>
      <ManufacturerItemDescription>שמפו מתולתלות</ManufacturerItemDescription>
      <UnitQty>מיליליטרים</UnitQty>
      <Quantity>600.00</Quantity>
      <bIsWeighted>0</bIsWeighted>
      <UnitOfMeasure>100 מ"ל</UnitOfMeasure>
      <QtyInPackage>1</QtyInPackage>
      <ItemPrice>24.90</ItemPrice>
      <UnitOfMeasurePrice>4.15</UnitOfMeasurePrice>
      <AllowDiscount>1</AllowDiscount>
      <ItemStatus>1</ItemStatus>
    </Item>
    <Item>
      <PriceUpdateDate>2020-08-03 11:58</PriceUpdateDate>
      <ItemCode>7290112193285</ItemCode>
      <ItemType>1</ItemType>
      <ItemName>מרכך מתולתלות סטייל 600מ</ItemName>
      <ManufacturerName>א.ל.ארמן ייצור תמרוקים ב</ManufacturerName>
      <ManufactureCountry>IL</ManufactureCountry>
      <ManufacturerItemDescription>מרכך מתולתלות</ManufacturerItemDescription>
      <UnitQty>מיליליטרים</UnitQty>
      <Quantity>600.00</Quantity>
      <bIsWeighted>0</bIsWeighted>
      <UnitOfMeasure>100 מ"ל</UnitOfMeasure>
      <QtyInPackage>1</QtyInPackage>
      <ItemPrice>24.90</ItemPrice>
      <UnitOfMeasurePrice>4.15</UnitOfMeasurePrice>
      <AllowDiscount>1</AllowDiscount>
      <ItemStatus>1</ItemStatus>
    </Item>
    <Item>
      <PriceUpdateDate>2020-08-03 11:58</PriceUpdateDate>
      <ItemCode>7290112193315</ItemCode>
      <ItemType>1</ItemType>
      <ItemName>קרם לחות מתולתלות 400מ</ItemName>
      <ManufacturerName>א.ל.ארמן ייצור תמרוקים ב</ManufacturerName>
      <ManufactureCountry>IL</ManufactureCountry>
      <ManufacturerItemDescription>קרם לחות מתולתלו</ManufacturerItemDescription>
      <UnitQty>מיליליטרים</UnitQty>
      <Quantity>400.00</Quantity>
      <bIsWeighted>0</bIsWeighted>
      <UnitOfMeasure>100 מ"ל</UnitOfMeasure>
      <QtyInPackage>1</QtyInPackage>
      <ItemPrice>34.90</ItemPrice>
      <UnitOfMeasurePrice>8.73</UnitOfMeasurePrice>
      <AllowDiscount>1</AllowDiscount>
      <ItemStatus>1</ItemStatus>
    </Item>
    <Item>
      <PriceUpdateDate>2020-08-03 11:58</PriceUpdateDate>
      <ItemCode>7290112193339</ItemCode>
      <ItemType>1</ItemType>
      <ItemName>סטייל ספריי מתולתלו 150מ</ItemName>
      <ManufacturerName>א.ל.ארמן ייצור תמרוקים ב</ManufacturerName>
      <ManufactureCountry>IL</ManufactureCountry>
      <ManufacturerItemDescription>ספריי סטייל</ManufacturerItemDescription>
      <UnitQty>מיליליטרים</UnitQty>
      <Quantity>150.00</Quantity>
      <bIsWeighted>0</bIsWeighted>
      <UnitOfMeasure>100 מ"ל</UnitOfMeasure>
      <QtyInPackage>1</QtyInPackage>
      <ItemPrice>34.90</ItemPrice>
      <UnitOfMeasurePrice>23.27</UnitOfMeasurePrice>
      <AllowDiscount>1</AllowDiscount>
      <ItemStatus>1</ItemStatus>
    </Item>
    <Item>
      <PriceUpdateDate>2020-05-28 05:37</PriceUpdateDate>
      <ItemCode>7290112345219</ItemCode>
      <ItemType>1</ItemType>
      <ItemName>סטיקים פלטינום ברזילאי</ItemName>
      <ManufacturerName>קסיקי</ManufacturerName>
      <ManufactureCountry>BR</ManufactureCountry>
      <ManufacturerItemDescription>סטיקים פלטינום</ManufacturerItemDescription>
      <UnitQty>גרמים</UnitQty>
      <Quantity>50.00</Quantity>
      <bIsWeighted>0</bIsWeighted>
      <UnitOfMeasure>100 גרם</UnitOfMeasure>
      <QtyInPackage>1</QtyInPackage>
      <ItemPrice>12.90</ItemPrice>
      <UnitOfMeasurePrice>25.80</UnitOfMeasurePrice>
      <AllowDiscount>1</AllowDiscount>
      <ItemStatus>1</ItemStatus>
    </Item>
    <Item>
      <PriceUpdateDate>2020-10-13 09:00</PriceUpdateDate>
      <ItemCode>7290112353252</ItemCode>
      <ItemType>1</ItemType>
      <ItemName>אנרג'י תחתית חלב24*12ג</ItemName>
      <ManufacturerName>שטראוס גרופ בע"\מ</ManufacturerName>
      <ManufactureCountry>IL</ManufactureCountry>
      <ManufacturerItemDescription>אנרג'י מארז 12יח</ManufacturerItemDescription>
      <UnitQty>גרמים</UnitQty>
      <Quantity>288.00</Quantity>
      <bIsWeighted>0</bIsWeighted>
      <UnitOfMeasure>100 גרם</UnitOfMeasure>
      <QtyInPackage>1</QtyInPackage>
      <ItemPrice>20.00</ItemPrice>
      <UnitOfMeasurePrice>6.94</UnitOfMeasurePrice>
      <AllowDiscount>1</AllowDiscount>
      <ItemStatus>1</ItemStatus>
    </Item>
    <Item>
      <PriceUpdateDate>2020-01-20 00:09</PriceUpdateDate>
      <ItemCode>7290112490209</ItemCode>
      <ItemType>1</ItemType>
      <ItemName>נמס בכוס עגבניות ר. טבעי</ItemName>
      <ManufacturerName>יוניליוור ישראל מזון בעמ</ManufacturerName>
      <ManufactureCountry>IL</ManufactureCountry>
      <ManufacturerItemDescription>מרק נמס בכוס</ManufacturerItemDescription>
      <UnitQty>גרמים</UnitQty>
      <Quantity>56.00</Quantity>
      <bIsWeighted>0</bIsWeighted>
      <UnitOfMeasure>100 גרם</UnitOfMeasure>
      <QtyInPackage>1</QtyInPackage>
      <ItemPrice>6.90</ItemPrice>
      <UnitOfMeasurePrice>12.32</UnitOfMeasurePrice>
      <AllowDiscount>1</AllowDiscount>
      <ItemStatus>1</ItemStatus>
    </Item>
    <Item>
      <PriceUpdateDate>2020-01-20 00:09</PriceUpdateDate>
      <ItemCode>7290112492210</ItemCode>
      <ItemType>1</ItemType>
      <ItemName>פריכיות פתית קינואה 25 ג</ItemName>
      <ManufacturerName>גוד פוד פרודקטס</ManufacturerName>
      <ManufactureCountry>PL</ManufactureCountry>
      <ManufacturerItemDescription>פרכיות פתית</ManufacturerItemDescription>
      <UnitQty>גרמים</UnitQty>
      <Quantity>25.00</Quantity>
      <bIsWeighted>0</bIsWeighted>
      <UnitOfMeasure>100 גרם</UnitOfMeasure>
      <QtyInPackage>1</QtyInPackage>
      <ItemPrice>4.50</ItemPrice>
      <UnitOfMeasurePrice>18.00</UnitOfMeasurePrice>
      <AllowDiscount>1</AllowDiscount>
      <ItemStatus>1</ItemStatus>
    </Item>
    <Item>
      <PriceUpdateDate>2020-01-20 00:09</PriceUpdateDate>
      <ItemCode>7290112492258</ItemCode>
      <ItemType>1</ItemType>
      <ItemName>פריכיות פתית תירס דקות25</ItemName>
      <ManufacturerName>גוד פוד פרודקטס</ManufacturerName>
      <ManufactureCountry>PL</ManufactureCountry>
      <ManufacturerItemDescription>פריכיות פתית</ManufacturerItemDescription>
      <UnitQty>גרמים</UnitQty>
      <Quantity>25.00</Quantity>
      <bIsWeighted>0</bIsWeighted>
      <UnitOfMeasure>100 גרם</UnitOfMeasure>
      <QtyInPackage>1</QtyInPackage>
      <ItemPrice>4.50</ItemPrice>
      <UnitOfMeasurePrice>18.00</UnitOfMeasurePrice>
      <AllowDiscount>1</AllowDiscount>
      <ItemStatus>1</ItemStatus>
    </Item>
    <Item>
      <PriceUpdateDate>2020-10-10 21:00</PriceUpdateDate>
      <ItemCode>7290112492449</ItemCode>
      <ItemType>1</ItemType>
      <ItemName>שמפו לשיער רגיל700מ</ItemName>
      <ManufacturerName>יוניליוור ישראל טיפוח אי</ManufacturerName>
      <ManufactureCountry>IL</ManufactureCountry>
      <ManufacturerItemDescription>שמפו לשיער רגיל</ManufacturerItemDescription>
      <UnitQty>מיליליטרים</UnitQty>
      <Quantity>700.00</Quantity>
      <bIsWeighted>0</bIsWeighted>
      <UnitOfMeasure>100 מ"ל</UnitOfMeasure>
      <QtyInPackage>1</QtyInPackage>
      <ItemPrice>9.90</ItemPrice>
      <UnitOfMeasurePrice>1.41</UnitOfMeasurePrice>
      <AllowDiscount>1</AllowDiscount>
      <ItemStatus>1</ItemStatus>
    </Item>
    <Item>
      <PriceUpdateDate>2020-10-10 21:00</PriceUpdateDate>
      <ItemCode>7290112492456</ItemCode>
      <ItemType>1</ItemType>
      <ItemName>שמפו לשיער יבש700מ</ItemName>
      <ManufacturerName>יוניליוור ישראל טיפוח אי</ManufacturerName>
      <ManufactureCountry>IL</ManufactureCountry>
      <ManufacturerItemDescription>שמפו לשיער יבש</ManufacturerItemDescription>
      <UnitQty>מיליליטרים</UnitQty>
      <Quantity>700.00</Quantity>
      <bIsWeighted>0</bIsWeighted>
      <UnitOfMeasure>100 מ"ל</UnitOfMeasure>
      <QtyInPackage>1</QtyInPackage>
      <ItemPrice>9.90</ItemPrice>
      <UnitOfMeasurePrice>1.41</UnitOfMeasurePrice>
      <AllowDiscount>1</AllowDiscount>
      <ItemStatus>1</ItemStatus>
    </Item>
    <Item>
      <PriceUpdateDate>2020-10-10 21:00</PriceUpdateDate>
      <ItemCode>7290112492463</ItemCode>
      <ItemType>1</ItemType>
      <ItemName>פינוק שמפו+מרכך 700מ"ל</ItemName>
      <ManufacturerName>יוניליוור</ManufacturerName>
      <ManufactureCountry>IL</ManufactureCountry>
      <ManufacturerItemDescription>פינוק שמפו+מרכך</ManufacturerItemDescription>
      <UnitQty>מיליליטרים</UnitQty>
      <Quantity>700.00</Quantity>
      <bIsWeighted>0</bIsWeighted>
      <UnitOfMeasure>100 מ"ל</UnitOfMeasure>
      <QtyInPackage>0</QtyInPackage>
      <ItemPrice>9.90</ItemPrice>
      <UnitOfMeasurePrice>1.41</UnitOfMeasurePrice>
      <AllowDiscount>1</AllowDiscount>
      <ItemStatus>1</ItemStatus>
    </Item>
    <Item>
      <PriceUpdateDate>2020-10-10 21:00</PriceUpdateDate>
      <ItemCode>7290112492487</ItemCode>
      <ItemType>1</ItemType>
      <ItemName>שמפו עם שמן מרוקאי700</ItemName>
      <ManufacturerName>יוניליוור ישראל טיפוח אי</ManufacturerName>
      <ManufactureCountry>IL</ManufactureCountry>
      <ManufacturerItemDescription>שמפו פינוק</ManufacturerItemDescription>
      <UnitQty>מיליליטרים</UnitQty>
      <Quantity>700.00</Quantity>
      <bIsWeighted>0</bIsWeighted>
      <UnitOfMeasure>100 מ"ל</UnitOfMeasure>
      <QtyInPackage>1</QtyInPackage>
      <ItemPrice>9.90</ItemPrice>
      <UnitOfMeasurePrice>1.41</UnitOfMeasurePrice>
      <AllowDiscount>1</AllowDiscount>
      <ItemStatus>1</ItemStatus>
    </Item>
    <Item>
      <PriceUpdateDate>2020-10-10 21:00</PriceUpdateDate>
      <ItemCode>7290112492494</ItemCode>
      <ItemType>1</ItemType>
      <ItemName>שמפו פינוק עם קרטין700מל</ItemName>
      <ManufacturerName>יוניליוור ישראל טיפוח אי</ManufacturerName>
      <ManufactureCountry>IL</ManufactureCountry>
      <ManufacturerItemDescription>שמפו פינוק</ManufacturerItemDescription>
      <UnitQty>מיליליטרים</UnitQty>
      <Quantity>700.00</Quantity>
      <bIsWeighted>0</bIsWeighted>
      <UnitOfMeasure>100 מ"ל</UnitOfMeasure>
      <QtyInPackage>1</QtyInPackage>
      <ItemPrice>9.90</ItemPrice>
      <UnitOfMeasurePrice>1.41</UnitOfMeasurePrice>
      <AllowDiscount>1</AllowDiscount>
      <ItemStatus>1</ItemStatus>
    </Item>
    <Item>
      <PriceUpdateDate>2020-10-10 21:00</PriceUpdateDate>
      <ItemCode>7290112492500</ItemCode>
      <ItemType>1</ItemType>
      <ItemName>פינוק שמפו שמן קוקוס700מ</ItemName>
      <ManufacturerName>יוניליוור</ManufacturerName>
      <ManufactureCountry>IL</ManufactureCountry>
      <ManufacturerItemDescription>שמפו פינוק</ManufacturerItemDescription>
      <UnitQty>מיליליטרים</UnitQty>
      <Quantity>700.00</Quantity>
      <bIsWeighted>0</bIsWeighted>
      <UnitOfMeasure>100 מ"ל</UnitOfMeasure>
      <QtyInPackage>1</QtyInPackage>
      <ItemPrice>9.90</ItemPrice>
      <UnitOfMeasurePrice>1.41</UnitOfMeasurePrice>
      <AllowDiscount>1</AllowDiscount>
      <ItemStatus>1</ItemStatus>
    </Item>
    <Item>
      <PriceUpdateDate>2020-10-10 21:00</PriceUpdateDate>
      <ItemCode>7290112492531</ItemCode>
      <ItemType>1</ItemType>
      <ItemName>מרכך פינוק רגיל 700 מ"ל</ItemName>
      <ManufacturerName>יוניליוור</ManufacturerName>
      <ManufactureCountry>IL</ManufactureCountry>
      <ManufacturerItemDescription>מרכך לשיער רגיל</ManufacturerItemDescription>
      <UnitQty>מיליליטרים</UnitQty>
      <Quantity>700.00</Quantity>
      <bIsWeighted>0</bIsWeighted>
      <UnitOfMeasure>100 מ"ל</UnitOfMeasure>
      <QtyInPackage>1</QtyInPackage>
      <ItemPrice>9.90</ItemPrice>
      <UnitOfMeasurePrice>1.41</UnitOfMeasurePrice>
      <AllowDiscount>1</AllowDiscount>
      <ItemStatus>1</ItemStatus>
    </Item>
    <Item>
      <PriceUpdateDate>2020-10-10 21:00</PriceUpdateDate>
      <ItemCode>7290112492548</ItemCode>
      <ItemType>1</ItemType>
      <ItemName>מרכך פינוק יבש מאוד 700מ</ItemName>
      <ManufacturerName>יוניליוור</ManufacturerName>
      <ManufactureCountry>IL</ManufactureCountry>
      <ManufacturerItemDescription>מרכך פינוק</ManufacturerItemDescription>
      <UnitQty>מיליליטרים</UnitQty>
      <Quantity>700.00</Quantity>
      <bIsWeighted>0</bIsWeighted>
      <UnitOfMeasure>100 מ"ל</UnitOfMeasure>
      <QtyInPackage>1</QtyInPackage>
      <ItemPrice>9.90</ItemPrice>
      <UnitOfMeasurePrice>1.41</UnitOfMeasurePrice>
      <AllowDiscount>1</AllowDiscount>
      <ItemStatus>1</ItemStatus>
    </Item>
    <Item>
      <PriceUpdateDate>2020-10-10 21:00</PriceUpdateDate>
      <ItemCode>7290112492562</ItemCode>
      <ItemType>1</ItemType>
      <ItemName>מרכך פינוק עם קרטין 700</ItemName>
      <ManufacturerName>יוניליוור</ManufacturerName>
      <ManufactureCountry>IL</ManufactureCountry>
      <ManufacturerItemDescription>מרכך פינוק</ManufacturerItemDescription>
      <UnitQty>מיליליטרים</UnitQty>
      <Quantity>700.00</Quantity>
      <bIsWeighted>0</bIsWeighted>
      <UnitOfMeasure>100 מ"ל</UnitOfMeasure>
      <QtyInPackage>1</QtyInPackage>
      <ItemPrice>9.90</ItemPrice>
      <UnitOfMeasurePrice>1.41</UnitOfMeasurePrice>
      <AllowDiscount>1</AllowDiscount>
      <ItemStatus>1</ItemStatus>
    </Item>
    <Item>
      <PriceUpdateDate>2020-10-10 21:00</PriceUpdateDate>
      <ItemCode>7290112492593</ItemCode>
      <ItemType>1</ItemType>
      <ItemName>תח.רחצה פינוק קלאסי700מ</ItemName>
      <ManufacturerName>יוניליוור ישראל טיפוח אי</ManufacturerName>
      <ManufactureCountry>IL</ManufactureCountry>
      <ManufacturerItemDescription>תחליב רחצה פינוק</ManufacturerItemDescription>
      <UnitQty>מיליליטרים</UnitQty>
      <Quantity>500.00</Quantity>
      <bIsWeighted>0</bIsWeighted>
      <UnitOfMeasure>100 מ"ל</UnitOfMeasure>
      <QtyInPackage>1</QtyInPackage>
      <ItemPrice>9.90</ItemPrice>
      <UnitOfMeasurePrice>1.98</UnitOfMeasurePrice>
      <AllowDiscount>1</AllowDiscount>
      <ItemStatus>1</ItemStatus>
    </Item>
    <Item>
      <PriceUpdateDate>2020-10-10 21:00</PriceUpdateDate>
      <ItemCode>7290112492609</ItemCode>
      <ItemType>1</ItemType>
      <ItemName>תח.פינוק לבנדר וניל 700מ</ItemName>
      <ManufacturerName>יוניליוור ישראל טיפוח אי</ManufacturerName>
      <ManufactureCountry>IL</ManufactureCountry>
      <ManufacturerItemDescription>תחליב רחצה פינוק</ManufacturerItemDescription>
      <UnitQty>מיליליטרים</UnitQty>
      <Quantity>700.00</Quantity>
      <bIsWeighted>0</bIsWeighted>
      <UnitOfMeasure>100 מ"ל</UnitOfMeasure>
      <QtyInPackage>1</QtyInPackage>
      <ItemPrice>9.90</ItemPrice>
      <UnitOfMeasurePrice>1.41</UnitOfMeasurePrice>
      <AllowDiscount>1</AllowDiscount>
      <ItemStatus>1</ItemStatus>
    </Item>
    <Item>
      <PriceUpdateDate>2020-10-10 21:00</PriceUpdateDate>
      <ItemCode>7290112492616</ItemCode>
      <ItemType>1</ItemType>
      <ItemName>תחליב פינוק שמן מרוקא700</ItemName>
      <ManufacturerName>יוניליוור ישראל טיפוח אי</ManufacturerName>
      <ManufactureCountry>IL</ManufactureCountry>
      <ManufacturerItemDescription>תחליב רחצה פינוק</ManufacturerItemDescription>
      <UnitQty>מיליליטרים</UnitQty>
      <Quantity>700.00</Quantity>
      <bIsWeighted>0</bIsWeighted>
      <UnitOfMeasure>100 מ"ל</UnitOfMeasure>
      <QtyInPackage>1</QtyInPackage>
      <ItemPrice>9.90</ItemPrice>
      <UnitOfMeasurePrice>1.41</UnitOfMeasurePrice>
      <AllowDiscount>1</AllowDiscount>
      <ItemStatus>1</ItemStatus>
    </Item>
    <Item>
      <PriceUpdateDate>2020-10-10 21:00</PriceUpdateDate>
      <ItemCode>7290112492630</ItemCode>
      <ItemType>1</ItemType>
      <ItemName>פינוק רחצה לגבר3ב1 700מל</ItemName>
      <ManufacturerName>יוניליוור ישראל טיפוח אי</ManufacturerName>
      <ManufactureCountry>IL</ManufactureCountry>
      <ManufacturerItemDescription>פינוק 3 ב1- לגבר</ManufacturerItemDescription>
      <UnitQty>מיליליטרים</UnitQty>
      <Quantity>700.00</Quantity>
      <bIsWeighted>0</bIsWeighted>
      <UnitOfMeasure>100 מ"ל</UnitOfMeasure>
      <QtyInPackage>1</QtyInPackage>
      <ItemPrice>9.90</ItemPrice>
      <UnitOfMeasurePrice>1.41</UnitOfMeasurePrice>
      <AllowDiscount>1</AllowDiscount>
      <ItemStatus>1</ItemStatus>
    </Item>
    <Item>
      <PriceUpdateDate>2020-10-10 21:00</PriceUpdateDate>
      <ItemCode>7290112492760</ItemCode>
      <ItemType>1</ItemType>
      <ItemName>שמפו פינוק לקשקשים700מל</ItemName>
      <ManufacturerName>---</ManufacturerName>
      <ManufactureCountry>IL</ManufactureCountry>
      <ManufacturerItemDescription>שמפו פינוק</ManufacturerItemDescription>
      <UnitQty>מיליליטרים</UnitQty>
      <Quantity>700.00</Quantity>
      <bIsWeighted>0</bIsWeighted>
      <UnitOfMeasure>100 מ"ל</UnitOfMeasure>
      <QtyInPackage>1</QtyInPackage>
      <ItemPrice>12.90</ItemPrice>
      <UnitOfMeasurePrice>1.84</UnitOfMeasurePrice>
      <AllowDiscount>1</AllowDiscount>
      <ItemStatus>1</ItemStatus>
    </Item>
    <Item>
      <PriceUpdateDate>2020-10-10 21:00</PriceUpdateDate>
      <ItemCode>7290112492777</ItemCode>
      <ItemType>1</ItemType>
      <ItemName>שמפו פינוק2ב1 קשקשים700מ</ItemName>
      <ManufacturerName>---</ManufacturerName>
      <ManufactureCountry>IL</ManufactureCountry>
      <ManufacturerItemDescription>שמפו פינוק</ManufacturerItemDescription>
      <UnitQty>מיליליטרים</UnitQty>
      <Quantity>700.00</Quantity>
      <bIsWeighted>0</bIsWeighted>
      <UnitOfMeasure>100 מ"ל</UnitOfMeasure>
      <QtyInPackage>1</QtyInPackage>
      <ItemPrice>12.90</ItemPrice>
      <UnitOfMeasurePrice>1.84</UnitOfMeasurePrice>
      <AllowDiscount>1</AllowDiscount>
      <ItemStatus>1</ItemStatus>
    </Item>
    <Item>
      <PriceUpdateDate>2020-10-10 21:00</PriceUpdateDate>
      <ItemCode>7290112492784</ItemCode>
      <ItemType>1</ItemType>
      <ItemName>שמפו פינוק לגבר קשקשי700</ItemName>
      <ManufacturerName>---</ManufacturerName>
      <ManufactureCountry>IL</ManufactureCountry>
      <ManufacturerItemDescription>שמפו פינוק לגבר</ManufacturerItemDescription>
      <UnitQty>מיליליטרים</UnitQty>
      <Quantity>700.00</Quantity>
      <bIsWeighted>0</bIsWeighted>
      <UnitOfMeasure>100 מ"ל</UnitOfMeasure>
      <QtyInPackage>1</QtyInPackage>
      <ItemPrice>12.90</ItemPrice>
      <UnitOfMeasurePrice>1.84</UnitOfMeasurePrice>
      <AllowDiscount>1</AllowDiscount>
      <ItemStatus>1</ItemStatus>
    </Item>
    <Item>
      <PriceUpdateDate>2020-01-20 00:09</PriceUpdateDate>
      <ItemCode>7290112494221</ItemCode>
      <ItemType>1</ItemType>
      <ItemName>קליק ביסקוויט 65 גרם</ItemName>
      <ManufacturerName>יוניליוור ישראל מזון בע\</ManufacturerName>
      <ManufactureCountry>IL</ManufactureCountry>
      <ManufacturerItemDescription>קליק ביסקוויט</ManufacturerItemDescription>
      <UnitQty>גרמים</UnitQty>
      <Quantity>65.00</Quantity>
      <bIsWeighted>0</bIsWeighted>
      <UnitOfMeasure>100 גרם</UnitOfMeasure>
      <QtyInPackage>1</QtyInPackage>
      <ItemPrice>7.90</ItemPrice>
      <UnitOfMeasurePrice>12.15</UnitOfMeasurePrice>
      <AllowDiscount>1</AllowDiscount>
      <ItemStatus>1</ItemStatus>
    </Item>
    <Item>
      <PriceUpdateDate>2020-01-20 00:09</PriceUpdateDate>
      <ItemCode>7290112494238</ItemCode>
      <ItemType>1</ItemType>
      <ItemName>קליק כדורים 65 גרם</ItemName>
      <ManufacturerName>יוניליוור ישראל מזון בע\</ManufacturerName>
      <ManufactureCountry>IL</ManufactureCountry>
      <ManufacturerItemDescription>קליק כדורים</ManufacturerItemDescription>
      <UnitQty>גרמים</UnitQty>
      <Quantity>65.00</Quantity>
      <bIsWeighted>0</bIsWeighted>
      <UnitOfMeasure>100 גרם</UnitOfMeasure>
      <QtyInPackage>1</QtyInPackage>
      <ItemPrice>7.90</ItemPrice>
      <UnitOfMeasurePrice>12.15</UnitOfMeasurePrice>
      <AllowDiscount>1</AllowDiscount>
      <ItemStatus>1</ItemStatus>
    </Item>
    <Item>
      <PriceUpdateDate>2020-01-20 00:09</PriceUpdateDate>
      <ItemCode>7290112494276</ItemCode>
      <ItemType>1</ItemType>
      <ItemName>קליק כריות 65 גרם</ItemName>
      <ManufacturerName>יוניליוור ישראל מזון בע\</ManufacturerName>
      <ManufactureCountry>IL</ManufactureCountry>
      <ManufacturerItemDescription>קליק כריות</ManufacturerItemDescription>
      <UnitQty>גרמים</UnitQty>
      <Quantity>65.00</Quantity>
      <bIsWeighted>0</bIsWeighted>
      <UnitOfMeasure>100 גרם</UnitOfMeasure>
      <QtyInPackage>1</QtyInPackage>
      <ItemPrice>7.90</ItemPrice>
      <UnitOfMeasurePrice>12.15</UnitOfMeasurePrice>
      <AllowDiscount>1</AllowDiscount>
      <ItemStatus>1</ItemStatus>
    </Item>
    <Item>
      <PriceUpdateDate>2020-01-20 00:09</PriceUpdateDate>
      <ItemCode>7290112494283</ItemCode>
      <ItemType>1</ItemType>
      <ItemName>קליק חום לבן 65 גרם</ItemName>
      <ManufacturerName>יוניליוור ישראל מזון בע\</ManufacturerName>
      <ManufactureCountry>IL</ManufactureCountry>
      <ManufacturerItemDescription>קליק חום לבן</ManufacturerItemDescription>
      <UnitQty>גרמים</UnitQty>
      <Quantity>65.00</Quantity>
      <bIsWeighted>0</bIsWeighted>
      <UnitOfMeasure>100 גרם</UnitOfMeasure>
      <QtyInPackage>1</QtyInPackage>
      <ItemPrice>7.90</ItemPrice>
      <UnitOfMeasurePrice>12.15</UnitOfMeasurePrice>
      <AllowDiscount>1</AllowDiscount>
      <ItemStatus>1</ItemStatus>
    </Item>
    <Item>
      <PriceUpdateDate>2020-01-20 00:09</PriceUpdateDate>
      <ItemCode>7290112494313</ItemCode>
      <ItemType>1</ItemType>
      <ItemName>קליק קורנפלקס 65 גרם</ItemName>
      <ManufacturerName>יוניליוור ישראל מזון בע\</ManufacturerName>
      <ManufactureCountry>IL</ManufactureCountry>
      <ManufacturerItemDescription>קליק קורנפלקס</ManufacturerItemDescription>
      <UnitQty>גרמים</UnitQty>
      <Quantity>65.00</Quantity>
      <bIsWeighted>0</bIsWeighted>
      <UnitOfMeasure>100 גרם</UnitOfMeasure>
      <QtyInPackage>1</QtyInPackage>
      <ItemPrice>7.90</ItemPrice>
      <UnitOfMeasurePrice>12.15</UnitOfMeasurePrice>
      <AllowDiscount>1</AllowDiscount>
      <ItemStatus>1</ItemStatus>
    </Item>
    <Item>
      <PriceUpdateDate>2020-10-10 21:00</PriceUpdateDate>
      <ItemCode>7290112494795</ItemCode>
      <ItemType>1</ItemType>
      <ItemName>בדין ג'ל לכביסה כחול2.5ל</ItemName>
      <ManufacturerName>זוהר דליה</ManufacturerName>
      <ManufactureCountry>IL</ManufactureCountry>
      <ManufacturerItemDescription>בדין ג'ל כביסה</ManufacturerItemDescription>
      <UnitQty>ליטרים</UnitQty>
      <Quantity>2.50</Quantity>
      <bIsWeighted>0</bIsWeighted>
      <UnitOfMeasure>ליטר</UnitOfMeasure>
      <QtyInPackage>1</QtyInPackage>
      <ItemPrice>24.90</ItemPrice>
      <UnitOfMeasurePrice>9.96</UnitOfMeasurePrice>
      <AllowDiscount>1</AllowDiscount>
      <ItemStatus>1</ItemStatus>
    </Item>
    <Item>
      <PriceUpdateDate>2020-10-10 21:00</PriceUpdateDate>
      <ItemCode>7290112495860</ItemCode>
      <ItemType>1</ItemType>
      <ItemName>שמפו פינוק שמני הזנה 700</ItemName>
      <ManufacturerName>יוניליוור ישראל טיפוח אי</ManufacturerName>
      <ManufactureCountry>IL</ManufactureCountry>
      <ManufacturerItemDescription>שמפו פינוק</ManufacturerItemDescription>
      <UnitQty>מיליליטרים</UnitQty>
      <Quantity>700.00</Quantity>
      <bIsWeighted>0</bIsWeighted>
      <UnitOfMeasure>100 מ"ל</UnitOfMeasure>
      <QtyInPackage>1</QtyInPackage>
      <ItemPrice>9.90</ItemPrice>
      <UnitOfMeasurePrice>1.41</UnitOfMeasurePrice>
      <AllowDiscount>1</AllowDiscount>
      <ItemStatus>1</ItemStatus>
    </Item>
    <Item>
      <PriceUpdateDate>2020-10-10 21:00</PriceUpdateDate>
      <ItemCode>7290112495877</ItemCode>
      <ItemType>1</ItemType>
      <ItemName>מרכך פינוק שמני הזנה700מ</ItemName>
      <ManufacturerName>יוניליוור ישראל טיפוח אי</ManufacturerName>
      <ManufactureCountry>IL</ManufactureCountry>
      <ManufacturerItemDescription>מרכך פינוק</ManufacturerItemDescription>
      <UnitQty>מיליליטרים</UnitQty>
      <Quantity>700.00</Quantity>
      <bIsWeighted>0</bIsWeighted>
      <UnitOfMeasure>100 מ"ל</UnitOfMeasure>
      <QtyInPackage>1</QtyInPackage>
      <ItemPrice>9.90</ItemPrice>
      <UnitOfMeasurePrice>1.41</UnitOfMeasurePrice>
      <AllowDiscount>1</AllowDiscount>
      <ItemStatus>1</ItemStatus>
    </Item>
    <Item>
      <PriceUpdateDate>2020-10-10 21:00</PriceUpdateDate>
      <ItemCode>7290112495884</ItemCode>
      <ItemType>1</ItemType>
      <ItemName>פינוק תחליב שמני הזנה700</ItemName>
      <ManufacturerName>יוניליוור ישראל טיפוח אי</ManufacturerName>
      <ManufactureCountry>IL</ManufactureCountry>
      <ManufacturerItemDescription>תחליב רחצה פינוק</ManufacturerItemDescription>
      <UnitQty>מיליליטרים</UnitQty>
      <Quantity>700.00</Quantity>
      <bIsWeighted>0</bIsWeighted>
      <UnitOfMeasure>100 מ"ל</UnitOfMeasure>
      <QtyInPackage>1</QtyInPackage>
      <ItemPrice>9.90</ItemPrice>
      <UnitOfMeasurePrice>1.41</UnitOfMeasurePrice>
      <AllowDiscount>1</AllowDiscount>
      <ItemStatus>1</ItemStatus>
    </Item>
    <Item>
      <PriceUpdateDate>2020-07-23 15:00</PriceUpdateDate>
      <ItemCode>7290112496294</ItemCode>
      <ItemType>1</ItemType>
      <ItemName>פתית צ'יפס עם אפונה 22גר</ItemName>
      <ManufacturerName>JLM גלובל פודסn37\ דרך א</ManufacturerName>
      <ManufactureCountry>GB</ManufactureCountry>
      <ManufacturerItemDescription>פתית צ'יפס</ManufacturerItemDescription>
      <UnitQty>גרמים</UnitQty>
      <Quantity>22.00</Quantity>
      <bIsWeighted>0</bIsWeighted>
      <UnitOfMeasure>100 גרם</UnitOfMeasure>
      <QtyInPackage>1</QtyInPackage>
      <ItemPrice>5.50</ItemPrice>
      <UnitOfMeasurePrice>25.00</UnitOfMeasurePrice>
      <AllowDiscount>1</AllowDiscount>
      <ItemStatus>1</ItemStatus>
    </Item>
    <Item>
      <PriceUpdateDate>2020-09-04 05:41</PriceUpdateDate>
      <ItemCode>7290112496577</ItemCode>
      <ItemType>1</ItemType>
      <ItemName>מארז אקס לחג</ItemName>
      <ManufacturerName>יוניליוור</ManufacturerName>
      <ManufactureCountry>DE</ManufactureCountry>
      <ManufacturerItemDescription>מארז אקס לחג</ManufacturerItemDescription>
      <UnitQty>יחידה</UnitQty>
      <Quantity>1.00</Quantity>
      <bIsWeighted>0</bIsWeighted>
      <UnitOfMeasure>יחידה</UnitOfMeasure>
      <QtyInPackage>1</QtyInPackage>
      <ItemPrice>49.90</ItemPrice>
      <UnitOfMeasurePrice>49.90</UnitOfMeasurePrice>
      <AllowDiscount>1</AllowDiscount>
      <ItemStatus>1</ItemStatus>
    </Item>
    <Item>
      <PriceUpdateDate>2020-07-12 09:22</PriceUpdateDate>
      <ItemCode>7290112496584</ItemCode>
      <ItemType>1</ItemType>
      <ItemName>קליק כריות בלאק לבן65גרם</ItemName>
      <ManufacturerName>דרך השוקולד ,1 צפת 13404</ManufacturerName>
      <ManufactureCountry>IL</ManufactureCountry>
      <ManufacturerItemDescription>קליק כריות בלאק</ManufacturerItemDescription>
      <UnitQty>גרמים</UnitQty>
      <Quantity>65.00</Quantity>
      <bIsWeighted>0</bIsWeighted>
      <UnitOfMeasure>100 גרם</UnitOfMeasure>
      <QtyInPackage>1</QtyInPackage>
      <ItemPrice>7.90</ItemPrice>
      <UnitOfMeasurePrice>12.15</UnitOfMeasurePrice>
      <AllowDiscount>1</AllowDiscount>
      <ItemStatus>1</ItemStatus>
    </Item>
    <Item>
      <PriceUpdateDate>2020-07-17 05:41</PriceUpdateDate>
      <ItemCode>7290112497529</ItemCode>
      <ItemType>1</ItemType>
      <ItemName>ג'ל לידיים ללא בישום120מ</ItemName>
      <ManufacturerName>יוניליוור  אנגליה</ManufacturerName>
      <ManufactureCountry>IL</ManufactureCountry>
      <ManufacturerItemDescription>פינוק ג'ל לידיים</ManufacturerItemDescription>
      <UnitQty>מיליליטרים</UnitQty>
      <Quantity>120.00</Quantity>
      <bIsWeighted>0</bIsWeighted>
      <UnitOfMeasure>100 מ"ל</UnitOfMeasure>
      <QtyInPackage>1</QtyInPackage>
      <ItemPrice>11.90</ItemPrice>
      <UnitOfMeasurePrice>9.92</UnitOfMeasurePrice>
      <AllowDiscount>1</AllowDiscount>
      <ItemStatus>1</ItemStatus>
    </Item>
    <Item>
      <PriceUpdateDate>2020-04-30 12:58</PriceUpdateDate>
      <ItemCode>7290112634337</ItemCode>
      <ItemType>1</ItemType>
      <ItemName>מסכת מגן שקוף כתר יחידה</ItemName>
      <ManufacturerName>כללי</ManufacturerName>
      <ManufactureCountry>IL</ManufactureCountry>
      <ManufacturerItemDescription>מסכת מגן שקוף כת</ManufacturerItemDescription>
      <UnitQty>יחידה</UnitQty>
      <Quantity>1.00</Quantity>
      <bIsWeighted>0</bIsWeighted>
      <UnitOfMeasure>יחידה</UnitOfMeasure>
      <QtyInPackage>1</QtyInPackage>
      <ItemPrice>19.90</ItemPrice>
      <UnitOfMeasurePrice>19.90</UnitOfMeasurePrice>
      <AllowDiscount>1</AllowDiscount>
      <ItemStatus>1</ItemStatus>
    </Item>
    <Item>
      <PriceUpdateDate>2020-03-15 10:13</PriceUpdateDate>
      <ItemCode>7290112963895</ItemCode>
      <ItemType>1</ItemType>
      <ItemName>קרקר דק כפרי פיטנס 150גר</ItemName>
      <ManufacturerName>אסם</ManufacturerName>
      <ManufactureCountry>IL</ManufactureCountry>
      <ManufacturerItemDescription>קרקר דק פיטנס</ManufacturerItemDescription>
      <UnitQty>גרמים</UnitQty>
      <Quantity>150.00</Quantity>
      <bIsWeighted>0</bIsWeighted>
      <UnitOfMeasure>100 גרם</UnitOfMeasure>
      <QtyInPackage>1</QtyInPackage>
      <ItemPrice>14.90</ItemPrice>
      <UnitOfMeasurePrice>9.93</UnitOfMeasurePrice>
      <AllowDiscount>1</AllowDiscount>
      <ItemStatus>1</ItemStatus>
    </Item>
    <Item>
      <PriceUpdateDate>2020-03-15 10:13</PriceUpdateDate>
      <ItemCode>7290112963918</ItemCode>
      <ItemType>1</ItemType>
      <ItemName>קרקר דק רוזמרין פיטנס140</ItemName>
      <ManufacturerName>אסם</ManufacturerName>
      <ManufactureCountry>IL</ManufactureCountry>
      <ManufacturerItemDescription>קרקר דק פיטנס</ManufacturerItemDescription>
      <UnitQty>גרמים</UnitQty>
      <Quantity>140.00</Quantity>
      <bIsWeighted>0</bIsWeighted>
      <UnitOfMeasure>100 גרם</UnitOfMeasure>
      <QtyInPackage>1</QtyInPackage>
      <ItemPrice>14.90</ItemPrice>
      <UnitOfMeasurePrice>10.64</UnitOfMeasurePrice>
      <AllowDiscount>1</AllowDiscount>
      <ItemStatus>1</ItemStatus>
    </Item>
    <Item>
      <PriceUpdateDate>2020-03-20 05:41</PriceUpdateDate>
      <ItemCode>7290113317109</ItemCode>
      <ItemType>1</ItemType>
      <ItemName>ביצת שוקולד כשלפ הלוקיטי</ItemName>
      <ManufacturerName>כללי</ManufacturerName>
      <ManufactureCountry>IT</ManufactureCountry>
      <ManufacturerItemDescription>ביצת שוקולד</ManufacturerItemDescription>
      <UnitQty>גרמים</UnitQty>
      <Quantity>60.00</Quantity>
      <bIsWeighted>0</bIsWeighted>
      <UnitOfMeasure>100 גרם</UnitOfMeasure>
      <QtyInPackage>1</QtyInPackage>
      <ItemPrice>14.90</ItemPrice>
      <UnitOfMeasurePrice>24.83</UnitOfMeasurePrice>
      <AllowDiscount>1</AllowDiscount>
      <ItemStatus>1</ItemStatus>
    </Item>
    <Item>
      <PriceUpdateDate>2020-03-20 05:41</PriceUpdateDate>
      <ItemCode>7290113317123</ItemCode>
      <ItemType>1</ItemType>
      <ItemName>ביצת שוקולד כשל"פ סמי 60</ItemName>
      <ManufacturerName>כללי</ManufacturerName>
      <ManufactureCountry>IT</ManufactureCountry>
      <ManufacturerItemDescription>ביצת שוקולד</ManufacturerItemDescription>
      <UnitQty>גרמים</UnitQty>
      <Quantity>60.00</Quantity>
      <bIsWeighted>0</bIsWeighted>
      <UnitOfMeasure>100 גרם</UnitOfMeasure>
      <QtyInPackage>1</QtyInPackage>
      <ItemPrice>14.90</ItemPrice>
      <UnitOfMeasurePrice>24.83</UnitOfMeasurePrice>
      <AllowDiscount>1</AllowDiscount>
      <ItemStatus>1</ItemStatus>
    </Item>
    <Item>
      <PriceUpdateDate>2020-10-11 17:20</PriceUpdateDate>
      <ItemCode>7290113451926</ItemCode>
      <ItemType>1</ItemType>
      <ItemName>מסכת ילדים תלת שיכבתית20</ItemName>
      <ManufacturerName>כללי</ManufacturerName>
      <ManufactureCountry>IL</ManufactureCountry>
      <ManufacturerItemDescription>מסכת ילדים תלת ש</ManufacturerItemDescription>
      <UnitQty>יחידה</UnitQty>
      <Quantity>1.00</Quantity>
      <bIsWeighted>0</bIsWeighted>
      <UnitOfMeasure>יחידה</UnitOfMeasure>
      <QtyInPackage>1</QtyInPackage>
      <ItemPrice>24.90</ItemPrice>
      <UnitOfMeasurePrice>24.90</UnitOfMeasurePrice>
      <AllowDiscount>1</AllowDiscount>
      <ItemStatus>1</ItemStatus>
    </Item>
    <Item>
      <PriceUpdateDate>2020-05-24 10:13</PriceUpdateDate>
      <ItemCode>7290114145831</ItemCode>
      <ItemType>1</ItemType>
      <ItemName>אוליב שמפו שמן זית 800מל</ItemName>
      <ManufacturerName>א.פ.חורי</ManufacturerName>
      <ManufactureCountry>IL</ManufactureCountry>
      <ManufacturerItemDescription>אוליב שמפו שמן ז</ManufacturerItemDescription>
      <UnitQty>מיליליטרים</UnitQty>
      <Quantity>800.00</Quantity>
      <bIsWeighted>0</bIsWeighted>
      <UnitOfMeasure>100 מ"ל</UnitOfMeasure>
      <QtyInPackage>0</QtyInPackage>
      <ItemPrice>19.90</ItemPrice>
      <UnitOfMeasurePrice>2.49</UnitOfMeasurePrice>
      <AllowDiscount>1</AllowDiscount>
      <ItemStatus>1</ItemStatus>
    </Item>
    <Item>
      <PriceUpdateDate>2020-05-22 05:40</PriceUpdateDate>
      <ItemCode>7290114145848</ItemCode>
      <ItemType>1</ItemType>
      <ItemName>אוליב מרכך שמן זית 800מל</ItemName>
      <ManufacturerName>א.פ.חורי</ManufacturerName>
      <ManufactureCountry>IL</ManufactureCountry>
      <ManufacturerItemDescription>אוליב מרכך</ManufacturerItemDescription>
      <UnitQty>מיליליטרים</UnitQty>
      <Quantity>800.00</Quantity>
      <bIsWeighted>0</bIsWeighted>
      <UnitOfMeasure>100 מ"ל</UnitOfMeasure>
      <QtyInPackage>1</QtyInPackage>
      <ItemPrice>19.90</ItemPrice>
      <UnitOfMeasurePrice>2.49</UnitOfMeasurePrice>
      <AllowDiscount>1</AllowDiscount>
      <ItemStatus>1</ItemStatus>
    </Item>
    <Item>
      <PriceUpdateDate>2020-05-27 22:46</PriceUpdateDate>
      <ItemCode>7290114147569</ItemCode>
      <ItemType>1</ItemType>
      <ItemName>אוליב ק.גוף שמן זית 500</ItemName>
      <ManufacturerName>א.פ.חורי</ManufacturerName>
      <ManufactureCountry>IL</ManufactureCountry>
      <ManufacturerItemDescription>אוליב ק.גוף שמן</ManufacturerItemDescription>
      <UnitQty>מיליליטרים</UnitQty>
      <Quantity>500.00</Quantity>
      <bIsWeighted>0</bIsWeighted>
      <UnitOfMeasure>100 מ"ל</UnitOfMeasure>
      <QtyInPackage>1</QtyInPackage>
      <ItemPrice>19.90</ItemPrice>
      <UnitOfMeasurePrice>3.98</UnitOfMeasurePrice>
      <AllowDiscount>1</AllowDiscount>
      <ItemStatus>1</ItemStatus>
    </Item>
    <Item>
      <PriceUpdateDate>2020-10-11 17:20</PriceUpdateDate>
      <ItemCode>7290114659949</ItemCode>
      <ItemType>1</ItemType>
      <ItemName>מסכה לפנים מארז 50 יח'</ItemName>
      <ManufacturerName>כללי</ManufacturerName>
      <ManufactureCountry>CN</ManufactureCountry>
      <ManufacturerItemDescription>מסכה לפנים מארז</ManufacturerItemDescription>
      <UnitQty>יחידה</UnitQty>
      <Quantity>1.00</Quantity>
      <bIsWeighted>0</bIsWeighted>
      <UnitOfMeasure>יחידה</UnitOfMeasure>
      <QtyInPackage>1</QtyInPackage>
      <ItemPrice>19.90</ItemPrice>
      <UnitOfMeasurePrice>19.90</UnitOfMeasurePrice>
      <AllowDiscount>1</AllowDiscount>
      <ItemStatus>1</ItemStatus>
    </Item>
    <Item>
      <PriceUpdateDate>2020-10-11 17:20</PriceUpdateDate>
      <ItemCode>7290115073683</ItemCode>
      <ItemType>1</ItemType>
      <ItemName>מסכה לפנים צבעוני 10 יחי</ItemName>
      <ManufacturerName>כללי</ManufacturerName>
      <ManufactureCountry>IL</ManufactureCountry>
      <ManufacturerItemDescription>מסכה לפנים צבעונ</ManufacturerItemDescription>
      <UnitQty>יחידה</UnitQty>
      <Quantity>1.00</Quantity>
      <bIsWeighted>0</bIsWeighted>
      <UnitOfMeasure>יחידה</UnitOfMeasure>
      <QtyInPackage>1</QtyInPackage>
      <ItemPrice>6.90</ItemPrice>
      <UnitOfMeasurePrice>6.90</UnitOfMeasurePrice>
      <AllowDiscount>1</AllowDiscount>
      <ItemStatus>1</ItemStatus>
    </Item>
    <Item>
      <PriceUpdateDate>2020-08-14 05:43</PriceUpdateDate>
      <ItemCode>7290115200713</ItemCode>
      <ItemType>1</ItemType>
      <ItemName>במבה קלאסי 5 * 50 ג</ItemName>
      <ManufacturerName>אסם השקעות בע"\מ</ManufacturerName>
      <ManufactureCountry>IL</ManufactureCountry>
      <ManufacturerItemDescription>במבה קלאסי 5 יח</ManufacturerItemDescription>
      <UnitQty>גרמים</UnitQty>
      <Quantity>250.00</Quantity>
      <bIsWeighted>0</bIsWeighted>
      <UnitOfMeasure>100 גרם</UnitOfMeasure>
      <QtyInPackage>1</QtyInPackage>
      <ItemPrice>12.90</ItemPrice>
      <UnitOfMeasurePrice>5.16</UnitOfMeasurePrice>
      <AllowDiscount>1</AllowDiscount>
      <ItemStatus>1</ItemStatus>
    </Item>
    <Item>
      <PriceUpdateDate>2020-09-24 12:27</PriceUpdateDate>
      <ItemCode>7290115632002</ItemCode>
      <ItemType>1</ItemType>
      <ItemName>מסכת ליבינגוארד פרו L יח</ItemName>
      <ManufacturerName>כללי</ManufacturerName>
      <ManufactureCountry>IL</ManufactureCountry>
      <ManufacturerItemDescription>מסכת ליבינגוארד</ManufacturerItemDescription>
      <UnitQty>יחידה</UnitQty>
      <Quantity>1.00</Quantity>
      <bIsWeighted>0</bIsWeighted>
      <UnitOfMeasure>יחידה</UnitOfMeasure>
      <QtyInPackage>1</QtyInPackage>
      <ItemPrice>99.90</ItemPrice>
      <UnitOfMeasurePrice>99.90</UnitOfMeasurePrice>
      <AllowDiscount>1</AllowDiscount>
      <ItemStatus>1</ItemStatus>
    </Item>
    <Item>
      <PriceUpdateDate>2020-09-24 12:27</PriceUpdateDate>
      <ItemCode>7290115632026</ItemCode>
      <ItemType>1</ItemType>
      <ItemName>מסכת ליבינגוארד פרו M יח</ItemName>
      <ManufacturerName>כללי</ManufacturerName>
      <ManufactureCountry>IL</ManufactureCountry>
      <ManufacturerItemDescription>מסכת ליבינגוארד</ManufacturerItemDescription>
      <UnitQty>יחידה</UnitQty>
      <Quantity>1.00</Quantity>
      <bIsWeighted>0</bIsWeighted>
      <UnitOfMeasure>יחידה</UnitOfMeasure>
      <QtyInPackage>1</QtyInPackage>
      <ItemPrice>99.90</ItemPrice>
      <UnitOfMeasurePrice>99.90</UnitOfMeasurePrice>
      <AllowDiscount>1</AllowDiscount>
      <ItemStatus>1</ItemStatus>
    </Item>
    <Item>
      <PriceUpdateDate>2020-01-20 00:09</PriceUpdateDate>
      <ItemCode>72917589</ItemCode>
      <ItemType>1</ItemType>
      <ItemName>מקופלת חלב 25 גרם</ItemName>
      <ManufacturerName>שטראוס</ManufacturerName>
      <ManufactureCountry>IL</ManufactureCountry>
      <ManufacturerItemDescription>מקופלת חלב</ManufacturerItemDescription>
      <UnitQty>גרמים</UnitQty>
      <Quantity>25.00</Quantity>
      <bIsWeighted>0</bIsWeighted>
      <UnitOfMeasure>100 גרם</UnitOfMeasure>
      <QtyInPackage>0</QtyInPackage>
      <ItemPrice>4.90</ItemPrice>
      <UnitOfMeasurePrice>19.60</UnitOfMeasurePrice>
      <AllowDiscount>1</AllowDiscount>
      <ItemStatus>1</ItemStatus>
    </Item>
    <Item>
      <PriceUpdateDate>2020-01-20 00:09</PriceUpdateDate>
      <ItemCode>72918388</ItemCode>
      <ItemType>1</ItemType>
      <ItemName>חטיף טויסט 28 גרם</ItemName>
      <ManufacturerName>עלית</ManufacturerName>
      <ManufactureCountry>IL</ManufactureCountry>
      <ManufacturerItemDescription>חטיף טוויסט</ManufacturerItemDescription>
      <UnitQty>גרמים</UnitQty>
      <Quantity>28.00</Quantity>
      <bIsWeighted>0</bIsWeighted>
      <UnitOfMeasure>100 גרם</UnitOfMeasure>
      <QtyInPackage>0</QtyInPackage>
      <ItemPrice>4.90</ItemPrice>
      <UnitOfMeasurePrice>17.50</UnitOfMeasurePrice>
      <AllowDiscount>1</AllowDiscount>
      <ItemStatus>1</ItemStatus>
    </Item>
    <Item>
      <PriceUpdateDate>2020-01-20 00:09</PriceUpdateDate>
      <ItemCode>7296073020356</ItemCode>
      <ItemType>1</ItemType>
      <ItemName>150כוס שתייה קרה בייסיק</ItemName>
      <ManufacturerName>שופרסל</ManufacturerName>
      <ManufactureCountry />
      <ManufacturerItemDescription>כוס שתיה</ManufacturerItemDescription>
      <UnitQty>יחידה</UnitQty>
      <Quantity>1.00</Quantity>
      <bIsWeighted>0</bIsWeighted>
      <UnitOfMeasure>יחידה</UnitOfMeasure>
      <QtyInPackage>0</QtyInPackage>
      <ItemPrice>6.90</ItemPrice>
      <UnitOfMeasurePrice>6.90</UnitOfMeasurePrice>
      <AllowDiscount>1</AllowDiscount>
      <ItemStatus>1</ItemStatus>
    </Item>
    <Item>
      <PriceUpdateDate>2020-06-26 00:03</PriceUpdateDate>
      <ItemCode>7296073078838</ItemCode>
      <ItemType>1</ItemType>
      <ItemName>6 כריות יפניות שופרסל</ItemName>
      <ManufacturerName>פלסטו פוליש</ManufacturerName>
      <ManufactureCountry>IL</ManufactureCountry>
      <ManufacturerItemDescription>כריות יפניות</ManufacturerItemDescription>
      <UnitQty>יחידה</UnitQty>
      <Quantity>1.00</Quantity>
      <bIsWeighted>0</bIsWeighted>
      <UnitOfMeasure>יחידה</UnitOfMeasure>
      <QtyInPackage>0</QtyInPackage>
      <ItemPrice>9.30</ItemPrice>
      <UnitOfMeasurePrice>9.30</UnitOfMeasurePrice>
      <AllowDiscount>1</AllowDiscount>
      <ItemStatus>1</ItemStatus>
    </Item>
    <Item>
      <PriceUpdateDate>2020-06-26 05:41</PriceUpdateDate>
      <ItemCode>7296073078975</ItemCode>
      <ItemType>1</ItemType>
      <ItemName>פריכיות אורז מלא שופר100</ItemName>
      <ManufacturerName>שופרסל</ManufacturerName>
      <ManufactureCountry>IL</ManufactureCountry>
      <ManufacturerItemDescription>פריכיות אורז</ManufacturerItemDescription>
      <UnitQty>גרמים</UnitQty>
      <Quantity>100.00</Quantity>
      <bIsWeighted>0</bIsWeighted>
      <UnitOfMeasure>100 גרם</UnitOfMeasure>
      <QtyInPackage>0</QtyInPackage>
      <ItemPrice>6.90</ItemPrice>
      <UnitOfMeasurePrice>6.90</UnitOfMeasurePrice>
      <AllowDiscount>1</AllowDiscount>
      <ItemStatus>1</ItemStatus>
    </Item>
    <Item>
      <PriceUpdateDate>2020-10-10 21:30</PriceUpdateDate>
      <ItemCode>7296073140177</ItemCode>
      <ItemType>1</ItemType>
      <ItemName>עוגת מאפין דבש שופר360גר</ItemName>
      <ManufacturerName>---</ManufacturerName>
      <ManufactureCountry>IL</ManufactureCountry>
      <ManufacturerItemDescription>עוגת מאפין דבש</ManufacturerItemDescription>
      <UnitQty>גרמים</UnitQty>
      <Quantity>360.00</Quantity>
      <bIsWeighted>0</bIsWeighted>
      <UnitOfMeasure>100 גרם</UnitOfMeasure>
      <QtyInPackage>0</QtyInPackage>
      <ItemPrice>10.00</ItemPrice>
      <UnitOfMeasurePrice>2.77</UnitOfMeasurePrice>
      <AllowDiscount>1</AllowDiscount>
      <ItemStatus>1</ItemStatus>
    </Item>
    <Item>
      <PriceUpdateDate>2020-06-26 00:03</PriceUpdateDate>
      <ItemCode>7296073169543</ItemCode>
      <ItemType>1</ItemType>
      <ItemName>40 מטליות רב שימושיות</ItemName>
      <ManufacturerName>שופרסל</ManufacturerName>
      <ManufactureCountry>IL</ManufactureCountry>
      <ManufacturerItemDescription>מטליות רב"ש</ManufacturerItemDescription>
      <UnitQty>יחידה</UnitQty>
      <Quantity>1.00</Quantity>
      <bIsWeighted>0</bIsWeighted>
      <UnitOfMeasure>יחידה</UnitOfMeasure>
      <QtyInPackage>0</QtyInPackage>
      <ItemPrice>21.40</ItemPrice>
      <UnitOfMeasurePrice>21.40</UnitOfMeasurePrice>
      <AllowDiscount>1</AllowDiscount>
      <ItemStatus>1</ItemStatus>
    </Item>
    <Item>
      <PriceUpdateDate>2020-06-26 00:03</PriceUpdateDate>
      <ItemCode>7296073169550</ItemCode>
      <ItemType>1</ItemType>
      <ItemName>3 מטליות מיקרופייבר שופר</ItemName>
      <ManufacturerName>שופרסל</ManufacturerName>
      <ManufactureCountry>CN</ManufactureCountry>
      <ManufacturerItemDescription>מטליות מיקרופיבר</ManufacturerItemDescription>
      <UnitQty>יחידה</UnitQty>
      <Quantity>1.00</Quantity>
      <bIsWeighted>0</bIsWeighted>
      <UnitOfMeasure>יחידה</UnitOfMeasure>
      <QtyInPackage>0</QtyInPackage>
      <ItemPrice>15.90</ItemPrice>
      <UnitOfMeasurePrice>15.90</UnitOfMeasurePrice>
      <AllowDiscount>1</AllowDiscount>
      <ItemStatus>1</ItemStatus>
    </Item>
    <Item>
      <PriceUpdateDate>2020-06-25 11:25</PriceUpdateDate>
      <ItemCode>7296073180630</ItemCode>
      <ItemType>1</ItemType>
      <ItemName>מטליות לחות לרצפה 10יח</ItemName>
      <ManufacturerName>טרופיקל דגיל</ManufacturerName>
      <ManufactureCountry>IL</ManufactureCountry>
      <ManufacturerItemDescription>מטליות לחות</ManufacturerItemDescription>
      <UnitQty>יחידה</UnitQty>
      <Quantity>1.00</Quantity>
      <bIsWeighted>0</bIsWeighted>
      <UnitOfMeasure>יחידה</UnitOfMeasure>
      <QtyInPackage>0</QtyInPackage>
      <ItemPrice>10.90</ItemPrice>
      <UnitOfMeasurePrice>10.90</UnitOfMeasurePrice>
      <AllowDiscount>1</AllowDiscount>
      <ItemStatus>1</ItemStatus>
    </Item>
    <Item>
      <PriceUpdateDate>2020-05-07 11:30</PriceUpdateDate>
      <ItemCode>7296073197461</ItemCode>
      <ItemType>1</ItemType>
      <ItemName>שוקולד חלב 3 יח</ItemName>
      <ManufacturerName />
      <ManufactureCountry>CH</ManufactureCountry>
      <ManufacturerItemDescription>שוקולד חלב 3 יח</ManufacturerItemDescription>
      <UnitQty>גרמים</UnitQty>
      <Quantity>300.00</Quantity>
      <bIsWeighted>0</bIsWeighted>
      <UnitOfMeasure>100 גרם</UnitOfMeasure>
      <QtyInPackage>0</QtyInPackage>
      <ItemPrice>15.20</ItemPrice>
      <UnitOfMeasurePrice>5.07</UnitOfMeasurePrice>
      <AllowDiscount>1</AllowDiscount>
      <ItemStatus>1</ItemStatus>
    </Item>
    <Item>
      <PriceUpdateDate>2020-05-01 05:40</PriceUpdateDate>
      <ItemCode>7296073218753</ItemCode>
      <ItemType>1</ItemType>
      <ItemName>פתי בר שופרסל 500 גרם</ItemName>
      <ManufacturerName>BV BISCUIT PALLY</ManufacturerName>
      <ManufactureCountry>NL</ManufactureCountry>
      <ManufacturerItemDescription>פתי בר</ManufacturerItemDescription>
      <UnitQty>גרמים</UnitQty>
      <Quantity>500.00</Quantity>
      <bIsWeighted>0</bIsWeighted>
      <UnitOfMeasure>100 גרם</UnitOfMeasure>
      <QtyInPackage>0</QtyInPackage>
      <ItemPrice>7.90</ItemPrice>
      <UnitOfMeasurePrice>1.58</UnitOfMeasurePrice>
      <AllowDiscount>1</AllowDiscount>
      <ItemStatus>1</ItemStatus>
    </Item>
    <Item>
      <PriceUpdateDate>2020-05-01 05:40</PriceUpdateDate>
      <ItemCode>7296073218807</ItemCode>
      <ItemType>1</ItemType>
      <ItemName>בישקוטים</ItemName>
      <ManufacturerName />
      <ManufactureCountry>IT</ManufactureCountry>
      <ManufacturerItemDescription>בישקוטים</ManufacturerItemDescription>
      <UnitQty>גרמים</UnitQty>
      <Quantity>200.00</Quantity>
      <bIsWeighted>0</bIsWeighted>
      <UnitOfMeasure>100 גרם</UnitOfMeasure>
      <QtyInPackage>0</QtyInPackage>
      <ItemPrice>5.90</ItemPrice>
      <UnitOfMeasurePrice>2.95</UnitOfMeasurePrice>
      <AllowDiscount>1</AllowDiscount>
      <ItemStatus>1</ItemStatus>
    </Item>
    <Item>
      <PriceUpdateDate>2020-01-20 00:21</PriceUpdateDate>
      <ItemCode>7296073236597</ItemCode>
      <ItemType>1</ItemType>
      <ItemName>דייסת קורנפלור וניל 200ג</ItemName>
      <ManufacturerName>אשבל בעמ</ManufacturerName>
      <ManufactureCountry>IL</ManufactureCountry>
      <ManufacturerItemDescription>דייסת קורנפלור</ManufacturerItemDescription>
      <UnitQty>גרמים</UnitQty>
      <Quantity>200.00</Quantity>
      <bIsWeighted>0</bIsWeighted>
      <UnitOfMeasure>100 גרם</UnitOfMeasure>
      <QtyInPackage>1</QtyInPackage>
      <ItemPrice>9.90</ItemPrice>
      <UnitOfMeasurePrice>4.95</UnitOfMeasurePrice>
      <AllowDiscount>1</AllowDiscount>
      <ItemStatus>1</ItemStatus>
    </Item>
    <Item>
      <PriceUpdateDate>2020-01-20 00:21</PriceUpdateDate>
      <ItemCode>7296073237464</ItemCode>
      <ItemType>1</ItemType>
      <ItemName>תמל שלב 3 700 גרם</ItemName>
      <ManufacturerName>#(##AGIS#  (#PERRIGO#</ManufacturerName>
      <ManufactureCountry>US</ManufactureCountry>
      <ManufacturerItemDescription>תמל שלב 3</ManufacturerItemDescription>
      <UnitQty>גרמים</UnitQty>
      <Quantity>700.00</Quantity>
      <bIsWeighted>0</bIsWeighted>
      <UnitOfMeasure>100 גרם</UnitOfMeasure>
      <QtyInPackage>1</QtyInPackage>
      <ItemPrice>39.90</ItemPrice>
      <UnitOfMeasurePrice>5.70</UnitOfMeasurePrice>
      <AllowDiscount>1</AllowDiscount>
      <ItemStatus>1</ItemStatus>
    </Item>
    <Item>
      <PriceUpdateDate>2020-06-24 10:38</PriceUpdateDate>
      <ItemCode>7296073244769</ItemCode>
      <ItemType>1</ItemType>
      <ItemName>סוכר חום דמררה צנצ. 1ק"ג</ItemName>
      <ManufacturerName>סוגת תעשיות בע"מ</ManufacturerName>
      <ManufactureCountry>IL</ManufactureCountry>
      <ManufacturerItemDescription>סוכר חום דמררה</ManufacturerItemDescription>
      <UnitQty>קילוגרמים</UnitQty>
      <Quantity>1.00</Quantity>
      <bIsWeighted>0</bIsWeighted>
      <UnitOfMeasure>ק"ג</UnitOfMeasure>
      <QtyInPackage>1</QtyInPackage>
      <ItemPrice>10.90</ItemPrice>
      <UnitOfMeasurePrice>10.90</UnitOfMeasurePrice>
      <AllowDiscount>1</AllowDiscount>
      <ItemStatus>1</ItemStatus>
    </Item>
    <Item>
      <PriceUpdateDate>2020-06-26 00:03</PriceUpdateDate>
      <ItemCode>7296073263517</ItemCode>
      <ItemType>1</ItemType>
      <ItemName>שקיות אוכל שופרסל 150*2</ItemName>
      <ManufacturerName>WEIFANG</ManufacturerName>
      <ManufactureCountry>CN</ManufactureCountry>
      <ManufacturerItemDescription>שקיות אוכל זוג</ManufacturerItemDescription>
      <UnitQty>יחידה</UnitQty>
      <Quantity>1.00</Quantity>
      <bIsWeighted>0</bIsWeighted>
      <UnitOfMeasure>יחידה</UnitOfMeasure>
      <QtyInPackage>1</QtyInPackage>
      <ItemPrice>10.90</ItemPrice>
      <UnitOfMeasurePrice>10.90</UnitOfMeasurePrice>
      <AllowDiscount>1</AllowDiscount>
      <ItemStatus>1</ItemStatus>
    </Item>
    <Item>
      <PriceUpdateDate>2020-01-20 00:21</PriceUpdateDate>
      <ItemCode>7296073266990</ItemCode>
      <ItemType>1</ItemType>
      <ItemName>מחית תפוחי עץ שופרסל190ג</ItemName>
      <ManufacturerName>שופרסל</ManufacturerName>
      <ManufactureCountry>CZ</ManufactureCountry>
      <ManufacturerItemDescription>מחית תפוחי עץ</ManufacturerItemDescription>
      <UnitQty>גרמים</UnitQty>
      <Quantity>190.00</Quantity>
      <bIsWeighted>0</bIsWeighted>
      <UnitOfMeasure>100 גרם</UnitOfMeasure>
      <QtyInPackage>1</QtyInPackage>
      <ItemPrice>4.90</ItemPrice>
      <UnitOfMeasurePrice>2.58</UnitOfMeasurePrice>
      <AllowDiscount>1</AllowDiscount>
      <ItemStatus>1</ItemStatus>
    </Item>
    <Item>
      <PriceUpdateDate>2020-01-20 00:21</PriceUpdateDate>
      <ItemCode>7296073267003</ItemCode>
      <ItemType>1</ItemType>
      <ItemName>מחית תפו"ע ובננה 190גרם</ItemName>
      <ManufacturerName>שופרסל</ManufacturerName>
      <ManufactureCountry>CZ</ManufactureCountry>
      <ManufacturerItemDescription>מחית תפו"ע ובננה</ManufacturerItemDescription>
      <UnitQty>גרמים</UnitQty>
      <Quantity>190.00</Quantity>
      <bIsWeighted>0</bIsWeighted>
      <UnitOfMeasure>100 גרם</UnitOfMeasure>
      <QtyInPackage>1</QtyInPackage>
      <ItemPrice>4.90</ItemPrice>
      <UnitOfMeasurePrice>2.58</UnitOfMeasurePrice>
      <AllowDiscount>1</AllowDiscount>
      <ItemStatus>1</ItemStatus>
    </Item>
    <Item>
      <PriceUpdateDate>2020-01-20 00:21</PriceUpdateDate>
      <ItemCode>7296073267010</ItemCode>
      <ItemType>1</ItemType>
      <ItemName>מחית סלט פירות שופרסל190</ItemName>
      <ManufacturerName>---</ManufacturerName>
      <ManufactureCountry>CZ</ManufactureCountry>
      <ManufacturerItemDescription>מחית סלט פירות</ManufacturerItemDescription>
      <UnitQty>גרמים</UnitQty>
      <Quantity>190.00</Quantity>
      <bIsWeighted>0</bIsWeighted>
      <UnitOfMeasure>100 גרם</UnitOfMeasure>
      <QtyInPackage>1</QtyInPackage>
      <ItemPrice>4.90</ItemPrice>
      <UnitOfMeasurePrice>2.58</UnitOfMeasurePrice>
      <AllowDiscount>1</AllowDiscount>
      <ItemStatus>1</ItemStatus>
    </Item>
    <Item>
      <PriceUpdateDate>2020-01-20 00:21</PriceUpdateDate>
      <ItemCode>7296073267034</ItemCode>
      <ItemType>1</ItemType>
      <ItemName>מחית תפו"ע ובננה שופר90ג</ItemName>
      <ManufacturerName>שופרסל</ManufacturerName>
      <ManufactureCountry>CZ</ManufactureCountry>
      <ManufacturerItemDescription>מחית תפו"ע ובננה</ManufacturerItemDescription>
      <UnitQty>גרמים</UnitQty>
      <Quantity>90.00</Quantity>
      <bIsWeighted>0</bIsWeighted>
      <UnitOfMeasure>100 גרם</UnitOfMeasure>
      <QtyInPackage>1</QtyInPackage>
      <ItemPrice>4.90</ItemPrice>
      <UnitOfMeasurePrice>5.44</UnitOfMeasurePrice>
      <AllowDiscount>1</AllowDiscount>
      <ItemStatus>1</ItemStatus>
    </Item>
    <Item>
      <PriceUpdateDate>2020-09-30 11:15</PriceUpdateDate>
      <ItemCode>7296073273448</ItemCode>
      <ItemType>1</ItemType>
      <ItemName>ג'ל אלוורה שופרסל 100מ"ל</ItemName>
      <ManufacturerName>ש.שוורץ</ManufacturerName>
      <ManufactureCountry>IL</ManufactureCountry>
      <ManufacturerItemDescription>ג'ל אלוורה</ManufacturerItemDescription>
      <UnitQty>מיליליטרים</UnitQty>
      <Quantity>100.00</Quantity>
      <bIsWeighted>0</bIsWeighted>
      <UnitOfMeasure>100 מ"ל</UnitOfMeasure>
      <QtyInPackage>1</QtyInPackage>
      <ItemPrice>9.90</ItemPrice>
      <UnitOfMeasurePrice>9.90</UnitOfMeasurePrice>
      <AllowDiscount>1</AllowDiscount>
      <ItemStatus>1</ItemStatus>
    </Item>
    <Item>
      <PriceUpdateDate>2020-09-30 11:15</PriceUpdateDate>
      <ItemCode>7296073273455</ItemCode>
      <ItemType>1</ItemType>
      <ItemName>תרסיס אלוורה שופרסל250מל</ItemName>
      <ManufacturerName>ש.שוורץ</ManufacturerName>
      <ManufactureCountry>IL</ManufactureCountry>
      <ManufacturerItemDescription>תרסיס ג'ל אלוורה</ManufacturerItemDescription>
      <UnitQty>מיליליטרים</UnitQty>
      <Quantity>250.00</Quantity>
      <bIsWeighted>0</bIsWeighted>
      <UnitOfMeasure>100 מ"ל</UnitOfMeasure>
      <QtyInPackage>1</QtyInPackage>
      <ItemPrice>19.90</ItemPrice>
      <UnitOfMeasurePrice>7.96</UnitOfMeasurePrice>
      <AllowDiscount>1</AllowDiscount>
      <ItemStatus>1</ItemStatus>
    </Item>
    <Item>
      <PriceUpdateDate>2020-10-10 20:20</PriceUpdateDate>
      <ItemCode>7296073277248</ItemCode>
      <ItemType>1</ItemType>
      <ItemName>מגבונים ללא בישום 64*5יח</ItemName>
      <ManufacturerName>דינמיק</ManufacturerName>
      <ManufactureCountry>IL</ManufactureCountry>
      <ManufacturerItemDescription>מגבונים לחים 5יח</ManufacturerItemDescription>
      <UnitQty>יחידה</UnitQty>
      <Quantity>1.00</Quantity>
      <bIsWeighted>0</bIsWeighted>
      <UnitOfMeasure>יחידה</UnitOfMeasure>
      <QtyInPackage>1</QtyInPackage>
      <ItemPrice>19.90</ItemPrice>
      <UnitOfMeasurePrice>19.90</UnitOfMeasurePrice>
      <AllowDiscount>1</AllowDiscount>
      <ItemStatus>1</ItemStatus>
    </Item>
    <Item>
      <PriceUpdateDate>2020-09-30 11:15</PriceUpdateDate>
      <ItemCode>7296073277255</ItemCode>
      <ItemType>1</ItemType>
      <ItemName>מגבונים לחים 72*6 יח</ItemName>
      <ManufacturerName>דינמיק</ManufacturerName>
      <ManufactureCountry>IL</ManufactureCountry>
      <ManufacturerItemDescription>מגבונים לחים 6יח</ManufacturerItemDescription>
      <UnitQty>יחידה</UnitQty>
      <Quantity>1.00</Quantity>
      <bIsWeighted>0</bIsWeighted>
      <UnitOfMeasure>יחידה</UnitOfMeasure>
      <QtyInPackage>1</QtyInPackage>
      <ItemPrice>22.90</ItemPrice>
      <UnitOfMeasurePrice>22.90</UnitOfMeasurePrice>
      <AllowDiscount>1</AllowDiscount>
      <ItemStatus>1</ItemStatus>
    </Item>
    <Item>
      <PriceUpdateDate>2020-04-16 10:37</PriceUpdateDate>
      <ItemCode>7296073285403</ItemCode>
      <ItemType>1</ItemType>
      <ItemName>נרות חימום בשקית 50 יח</ItemName>
      <ManufacturerName>CANDLE ITBRIGHT</ManufacturerName>
      <ManufactureCountry>CN</ManufactureCountry>
      <ManufacturerItemDescription>נרות חימום בשקית</ManufacturerItemDescription>
      <UnitQty>יחידה</UnitQty>
      <Quantity>1.00</Quantity>
      <bIsWeighted>0</bIsWeighted>
      <UnitOfMeasure>יחידה</UnitOfMeasure>
      <QtyInPackage>1</QtyInPackage>
      <ItemPrice>10.90</ItemPrice>
      <UnitOfMeasurePrice>10.90</UnitOfMeasurePrice>
      <AllowDiscount>1</AllowDiscount>
      <ItemStatus>1</ItemStatus>
    </Item>
    <Item>
      <PriceUpdateDate>2020-10-10 21:30</PriceUpdateDate>
      <ItemCode>7296073286073</ItemCode>
      <ItemType>1</ItemType>
      <ItemName>אורז בסמטי בצנצנת 1 ק"ג</ItemName>
      <ManufacturerName>SETIA LAL CHAMAN</ManufacturerName>
      <ManufactureCountry>IN</ManufactureCountry>
      <ManufacturerItemDescription>אורז בסמטי</ManufacturerItemDescription>
      <UnitQty>קילוגרמים</UnitQty>
      <Quantity>1.00</Quantity>
      <bIsWeighted>0</bIsWeighted>
      <UnitOfMeasure>ק"ג</UnitOfMeasure>
      <QtyInPackage>1</QtyInPackage>
      <ItemPrice>10.90</ItemPrice>
      <UnitOfMeasurePrice>10.90</UnitOfMeasurePrice>
      <AllowDiscount>1</AllowDiscount>
      <ItemStatus>1</ItemStatus>
    </Item>
    <Item>
      <PriceUpdateDate>2020-06-26 00:03</PriceUpdateDate>
      <ItemCode>7296073286363</ItemCode>
      <ItemType>1</ItemType>
      <ItemName>שקית ענקית לאשפה משרדית</ItemName>
      <ManufacturerName>אשפלסט</ManufacturerName>
      <ManufactureCountry>IL</ManufactureCountry>
      <ManufacturerItemDescription>שקיות אשפה</ManufacturerItemDescription>
      <UnitQty>יחידה</UnitQty>
      <Quantity>1.00</Quantity>
      <bIsWeighted>0</bIsWeighted>
      <UnitOfMeasure>יחידה</UnitOfMeasure>
      <QtyInPackage>1</QtyInPackage>
      <ItemPrice>14.80</ItemPrice>
      <UnitOfMeasurePrice>14.80</UnitOfMeasurePrice>
      <AllowDiscount>1</AllowDiscount>
      <ItemStatus>1</ItemStatus>
    </Item>
    <Item>
      <PriceUpdateDate>2020-01-30 14:27</PriceUpdateDate>
      <ItemCode>7296073289715</ItemCode>
      <ItemType>1</ItemType>
      <ItemName>מגבוני אף לתינוק שופרסל</ItemName>
      <ManufacturerName>שופרסל</ManufacturerName>
      <ManufactureCountry>IL</ManufactureCountry>
      <ManufacturerItemDescription>מגבוני אף לתינוק</ManufacturerItemDescription>
      <UnitQty>יחידה</UnitQty>
      <Quantity>1.00</Quantity>
      <bIsWeighted>0</bIsWeighted>
      <UnitOfMeasure>יחידה</UnitOfMeasure>
      <QtyInPackage>1</QtyInPackage>
      <ItemPrice>9.90</ItemPrice>
      <UnitOfMeasurePrice>9.90</UnitOfMeasurePrice>
      <AllowDiscount>1</AllowDiscount>
      <ItemStatus>1</ItemStatus>
    </Item>
    <Item>
      <PriceUpdateDate>2020-01-20 00:21</PriceUpdateDate>
      <ItemCode>7296073291077</ItemCode>
      <ItemType>1</ItemType>
      <ItemName>משטחי החתלה שופרסל 10יח</ItemName>
      <ManufacturerName>PAKTEN</ManufacturerName>
      <ManufactureCountry>TR</ManufactureCountry>
      <ManufacturerItemDescription>משטחי החתלה</ManufacturerItemDescription>
      <UnitQty>יחידה</UnitQty>
      <Quantity>1.00</Quantity>
      <bIsWeighted>0</bIsWeighted>
      <UnitOfMeasure>יחידה</UnitOfMeasure>
      <QtyInPackage>1</QtyInPackage>
      <ItemPrice>15.90</ItemPrice>
      <UnitOfMeasurePrice>15.90</UnitOfMeasurePrice>
      <AllowDiscount>1</AllowDiscount>
      <ItemStatus>1</ItemStatus>
    </Item>
    <Item>
      <PriceUpdateDate>2020-06-26 05:41</PriceUpdateDate>
      <ItemCode>7296073291084</ItemCode>
      <ItemType>1</ItemType>
      <ItemName>עוגיות חמאה דניות 150גרם</ItemName>
      <ManufacturerName>BAKERY JACOBSENS</ManufacturerName>
      <ManufactureCountry>DK</ManufactureCountry>
      <ManufacturerItemDescription>עוגיות חמאה בפח</ManufacturerItemDescription>
      <UnitQty>גרמים</UnitQty>
      <Quantity>150.00</Quantity>
      <bIsWeighted>0</bIsWeighted>
      <UnitOfMeasure>100 גרם</UnitOfMeasure>
      <QtyInPackage>1</QtyInPackage>
      <ItemPrice>14.00</ItemPrice>
      <UnitOfMeasurePrice>9.33</UnitOfMeasurePrice>
      <AllowDiscount>1</AllowDiscount>
      <ItemStatus>1</ItemStatus>
    </Item>
    <Item>
      <PriceUpdateDate>2020-08-14 05:43</PriceUpdateDate>
      <ItemCode>7296073291749</ItemCode>
      <ItemType>1</ItemType>
      <ItemName>מברשת ידית 1 אובלי</ItemName>
      <ManufacturerName>PIAOY</ManufacturerName>
      <ManufactureCountry>CN</ManufactureCountry>
      <ManufacturerItemDescription>מברשת שיער</ManufacturerItemDescription>
      <UnitQty>יחידה</UnitQty>
      <Quantity>1.00</Quantity>
      <bIsWeighted>0</bIsWeighted>
      <UnitOfMeasure>יחידה</UnitOfMeasure>
      <QtyInPackage>1</QtyInPackage>
      <ItemPrice>19.90</ItemPrice>
      <UnitOfMeasurePrice>19.90</UnitOfMeasurePrice>
      <AllowDiscount>1</AllowDiscount>
      <ItemStatus>1</ItemStatus>
    </Item>
    <Item>
      <PriceUpdateDate>2020-01-20 00:21</PriceUpdateDate>
      <ItemCode>7296073321378</ItemCode>
      <ItemType>1</ItemType>
      <ItemName>חטיפי אורז בננה 50 גרם</ItemName>
      <ManufacturerName>וונט וונט</ManufacturerName>
      <ManufactureCountry>CN</ManufactureCountry>
      <ManufacturerItemDescription>חטיפי אורז בננה</ManufacturerItemDescription>
      <UnitQty>גרמים</UnitQty>
      <Quantity>50.00</Quantity>
      <bIsWeighted>0</bIsWeighted>
      <UnitOfMeasure>100 גרם</UnitOfMeasure>
      <QtyInPackage>1</QtyInPackage>
      <ItemPrice>10.90</ItemPrice>
      <UnitOfMeasurePrice>21.80</UnitOfMeasurePrice>
      <AllowDiscount>1</AllowDiscount>
      <ItemStatus>1</ItemStatus>
    </Item>
    <Item>
      <PriceUpdateDate>2020-10-10 20:20</PriceUpdateDate>
      <ItemCode>7296073325130</ItemCode>
      <ItemType>1</ItemType>
      <ItemName>40חיתולים בייבי שלב 4+</ItemName>
      <ManufacturerName>פיבי ספא</ManufacturerName>
      <ManufactureCountry>TR</ManufactureCountry>
      <ManufacturerItemDescription>חיתולים שלב 4+</ManufacturerItemDescription>
      <UnitQty>יחידה</UnitQty>
      <Quantity>1.00</Quantity>
      <bIsWeighted>0</bIsWeighted>
      <UnitOfMeasure>יחידה</UnitOfMeasure>
      <QtyInPackage>1</QtyInPackage>
      <ItemPrice>29.90</ItemPrice>
      <UnitOfMeasurePrice>29.90</UnitOfMeasurePrice>
      <AllowDiscount>1</AllowDiscount>
      <ItemStatus>1</ItemStatus>
    </Item>
    <Item>
      <PriceUpdateDate>2020-10-10 20:20</PriceUpdateDate>
      <ItemCode>7296073325147</ItemCode>
      <ItemType>1</ItemType>
      <ItemName>36 חיתולים בייבי שלב 5</ItemName>
      <ManufacturerName>פיבי ספא</ManufacturerName>
      <ManufactureCountry>IT</ManufactureCountry>
      <ManufacturerItemDescription>חיתולים שלב 5</ManufacturerItemDescription>
      <UnitQty>יחידה</UnitQty>
      <Quantity>1.00</Quantity>
      <bIsWeighted>0</bIsWeighted>
      <UnitOfMeasure>יחידה</UnitOfMeasure>
      <QtyInPackage>1</QtyInPackage>
      <ItemPrice>29.90</ItemPrice>
      <UnitOfMeasurePrice>29.90</UnitOfMeasurePrice>
      <AllowDiscount>1</AllowDiscount>
      <ItemStatus>1</ItemStatus>
    </Item>
    <Item>
      <PriceUpdateDate>2020-10-10 20:20</PriceUpdateDate>
      <ItemCode>7296073325154</ItemCode>
      <ItemType>1</ItemType>
      <ItemName>30 חיתולים בייבי שלב 6</ItemName>
      <ManufacturerName>---</ManufacturerName>
      <ManufactureCountry>IT</ManufactureCountry>
      <ManufacturerItemDescription>חיתולים שלב 6</ManufacturerItemDescription>
      <UnitQty>יחידה</UnitQty>
      <Quantity>1.00</Quantity>
      <bIsWeighted>0</bIsWeighted>
      <UnitOfMeasure>יחידה</UnitOfMeasure>
      <QtyInPackage>1</QtyInPackage>
      <ItemPrice>29.90</ItemPrice>
      <UnitOfMeasurePrice>29.90</UnitOfMeasurePrice>
      <AllowDiscount>1</AllowDiscount>
      <ItemStatus>1</ItemStatus>
    </Item>
    <Item>
      <PriceUpdateDate>2020-02-23 15:21</PriceUpdateDate>
      <ItemCode>7296073330431</ItemCode>
      <ItemType>1</ItemType>
      <ItemName>מברשת לאייליינר ומסרק</ItemName>
      <ManufacturerName>BE NOW</ManufacturerName>
      <ManufactureCountry>CN</ManufactureCountry>
      <ManufacturerItemDescription>מברשת לאייליינר</ManufacturerItemDescription>
      <UnitQty>יחידה</UnitQty>
      <Quantity>1.00</Quantity>
      <bIsWeighted>0</bIsWeighted>
      <UnitOfMeasure>יחידה</UnitOfMeasure>
      <QtyInPackage>0</QtyInPackage>
      <ItemPrice>32.90</ItemPrice>
      <UnitOfMeasurePrice>32.90</UnitOfMeasurePrice>
      <AllowDiscount>1</AllowDiscount>
      <ItemStatus>1</ItemStatus>
    </Item>
    <Item>
      <PriceUpdateDate>2020-01-20 00:14</PriceUpdateDate>
      <ItemCode>7296073330530</ItemCode>
      <ItemType>1</ItemType>
      <ItemName>מברשת סיליקון למסכה</ItemName>
      <ManufacturerName>BE NOW</ManufacturerName>
      <ManufactureCountry>CN</ManufactureCountry>
      <ManufacturerItemDescription>מברשת סיל' למסכה</ManufacturerItemDescription>
      <UnitQty>יחידה</UnitQty>
      <Quantity>1.00</Quantity>
      <bIsWeighted>0</bIsWeighted>
      <UnitOfMeasure>יחידה</UnitOfMeasure>
      <QtyInPackage>0</QtyInPackage>
      <ItemPrice>24.90</ItemPrice>
      <UnitOfMeasurePrice>24.90</UnitOfMeasurePrice>
      <AllowDiscount>1</AllowDiscount>
      <ItemStatus>1</ItemStatus>
    </Item>
    <Item>
      <PriceUpdateDate>2020-01-20 00:14</PriceUpdateDate>
      <ItemCode>7296073330554</ItemCode>
      <ItemType>1</ItemType>
      <ItemName>מברשת לניקוי פנים מיוחדת</ItemName>
      <ManufacturerName>BE NOW</ManufacturerName>
      <ManufactureCountry>CN</ManufactureCountry>
      <ManufacturerItemDescription>מברשת ניקוי פנים</ManufacturerItemDescription>
      <UnitQty>יחידה</UnitQty>
      <Quantity>1.00</Quantity>
      <bIsWeighted>0</bIsWeighted>
      <UnitOfMeasure>יחידה</UnitOfMeasure>
      <QtyInPackage>0</QtyInPackage>
      <ItemPrice>11.90</ItemPrice>
      <UnitOfMeasurePrice>11.90</UnitOfMeasurePrice>
      <AllowDiscount>1</AllowDiscount>
      <ItemStatus>1</ItemStatus>
    </Item>
    <Item>
      <PriceUpdateDate>2020-01-20 00:14</PriceUpdateDate>
      <ItemCode>7296073330639</ItemCode>
      <ItemType>1</ItemType>
      <ItemName>ספוג לניקוי פנים 3 יח</ItemName>
      <ManufacturerName>BE NOW</ManufacturerName>
      <ManufactureCountry>CN</ManufactureCountry>
      <ManufacturerItemDescription>3ספוג ניקוי פנים</ManufacturerItemDescription>
      <UnitQty>יחידה</UnitQty>
      <Quantity>1.00</Quantity>
      <bIsWeighted>0</bIsWeighted>
      <UnitOfMeasure>יחידה</UnitOfMeasure>
      <QtyInPackage>0</QtyInPackage>
      <ItemPrice>11.90</ItemPrice>
      <UnitOfMeasurePrice>11.90</UnitOfMeasurePrice>
      <AllowDiscount>1</AllowDiscount>
      <ItemStatus>1</ItemStatus>
    </Item>
    <Item>
      <PriceUpdateDate>2020-01-20 00:14</PriceUpdateDate>
      <ItemCode>7296073330653</ItemCode>
      <ItemType>1</ItemType>
      <ItemName>ספוגית לטקס למייקאפ אובל</ItemName>
      <ManufacturerName>BE NOW</ManufacturerName>
      <ManufactureCountry>CN</ManufactureCountry>
      <ManufacturerItemDescription>ספוגית למייקאפ</ManufacturerItemDescription>
      <UnitQty>יחידה</UnitQty>
      <Quantity>1.00</Quantity>
      <bIsWeighted>0</bIsWeighted>
      <UnitOfMeasure>יחידה</UnitOfMeasure>
      <QtyInPackage>0</QtyInPackage>
      <ItemPrice>12.90</ItemPrice>
      <UnitOfMeasurePrice>12.90</UnitOfMeasurePrice>
      <AllowDiscount>1</AllowDiscount>
      <ItemStatus>1</ItemStatus>
    </Item>
    <Item>
      <PriceUpdateDate>2020-01-20 00:14</PriceUpdateDate>
      <ItemCode>7296073330684</ItemCode>
      <ItemType>1</ItemType>
      <ItemName>4 ספוגיות למייקאפ משולש</ItemName>
      <ManufacturerName>BE NOW</ManufacturerName>
      <ManufactureCountry>CN</ManufactureCountry>
      <ManufacturerItemDescription>4 ספוגיות משולש</ManufacturerItemDescription>
      <UnitQty>יחידה</UnitQty>
      <Quantity>1.00</Quantity>
      <bIsWeighted>0</bIsWeighted>
      <UnitOfMeasure>יחידה</UnitOfMeasure>
      <QtyInPackage>0</QtyInPackage>
      <ItemPrice>9.90</ItemPrice>
      <UnitOfMeasurePrice>9.90</UnitOfMeasurePrice>
      <AllowDiscount>1</AllowDiscount>
      <ItemStatus>1</ItemStatus>
    </Item>
    <Item>
      <PriceUpdateDate>2020-01-20 00:14</PriceUpdateDate>
      <ItemCode>7296073330707</ItemCode>
      <ItemType>1</ItemType>
      <ItemName>מארז 12 ספוגיות משולשות</ItemName>
      <ManufacturerName>BE NOW</ManufacturerName>
      <ManufactureCountry>CN</ManufactureCountry>
      <ManufacturerItemDescription>12 ספוגיות משולש</ManufacturerItemDescription>
      <UnitQty>יחידה</UnitQty>
      <Quantity>1.00</Quantity>
      <bIsWeighted>0</bIsWeighted>
      <UnitOfMeasure>יחידה</UnitOfMeasure>
      <QtyInPackage>0</QtyInPackage>
      <ItemPrice>19.90</ItemPrice>
      <UnitOfMeasurePrice>19.90</UnitOfMeasurePrice>
      <AllowDiscount>1</AllowDiscount>
      <ItemStatus>1</ItemStatus>
    </Item>
    <Item>
      <PriceUpdateDate>2020-01-20 00:14</PriceUpdateDate>
      <ItemCode>7296073330738</ItemCode>
      <ItemType>1</ItemType>
      <ItemName>ספוגיות מעויינות למייקאפ</ItemName>
      <ManufacturerName>BE NOW</ManufacturerName>
      <ManufactureCountry>CN</ManufactureCountry>
      <ManufacturerItemDescription>4 ספוגיות מעויין</ManufacturerItemDescription>
      <UnitQty>יחידה</UnitQty>
      <Quantity>1.00</Quantity>
      <bIsWeighted>0</bIsWeighted>
      <UnitOfMeasure>יחידה</UnitOfMeasure>
      <QtyInPackage>0</QtyInPackage>
      <ItemPrice>11.90</ItemPrice>
      <UnitOfMeasurePrice>11.90</UnitOfMeasurePrice>
      <AllowDiscount>1</AllowDiscount>
      <ItemStatus>1</ItemStatus>
    </Item>
    <Item>
      <PriceUpdateDate>2020-01-20 00:14</PriceUpdateDate>
      <ItemCode>7296073330745</ItemCode>
      <ItemType>1</ItemType>
      <ItemName>מפדרי משי שחורים לפודרה</ItemName>
      <ManufacturerName>BE NOW</ManufacturerName>
      <ManufactureCountry>CN</ManufactureCountry>
      <ManufacturerItemDescription>2 מפדרי משי שחור</ManufacturerItemDescription>
      <UnitQty>יחידה</UnitQty>
      <Quantity>1.00</Quantity>
      <bIsWeighted>0</bIsWeighted>
      <UnitOfMeasure>יחידה</UnitOfMeasure>
      <QtyInPackage>0</QtyInPackage>
      <ItemPrice>9.90</ItemPrice>
      <UnitOfMeasurePrice>9.90</UnitOfMeasurePrice>
      <AllowDiscount>1</AllowDiscount>
      <ItemStatus>1</ItemStatus>
    </Item>
    <Item>
      <PriceUpdateDate>2020-06-16 16:54</PriceUpdateDate>
      <ItemCode>7296073330769</ItemCode>
      <ItemType>1</ItemType>
      <ItemName>ספוג ביוטי למייקאפ טיפה</ItemName>
      <ManufacturerName>BE NOW</ManufacturerName>
      <ManufactureCountry>CN</ManufactureCountry>
      <ManufacturerItemDescription>ספוג מייקאפ טיפה</ManufacturerItemDescription>
      <UnitQty>יחידה</UnitQty>
      <Quantity>1.00</Quantity>
      <bIsWeighted>0</bIsWeighted>
      <UnitOfMeasure>יחידה</UnitOfMeasure>
      <QtyInPackage>0</QtyInPackage>
      <ItemPrice>29.90</ItemPrice>
      <UnitOfMeasurePrice>29.90</UnitOfMeasurePrice>
      <AllowDiscount>1</AllowDiscount>
      <ItemStatus>1</ItemStatus>
    </Item>
    <Item>
      <PriceUpdateDate>2020-01-20 00:14</PriceUpdateDate>
      <ItemCode>7296073330820</ItemCode>
      <ItemType>1</ItemType>
      <ItemName>ספוג קונגאק טיפה לפנים</ItemName>
      <ManufacturerName>BE NOW</ManufacturerName>
      <ManufactureCountry>CN</ManufactureCountry>
      <ManufacturerItemDescription>ספוג קונגאק טיפה</ManufacturerItemDescription>
      <UnitQty>יחידה</UnitQty>
      <Quantity>1.00</Quantity>
      <bIsWeighted>0</bIsWeighted>
      <UnitOfMeasure>יחידה</UnitOfMeasure>
      <QtyInPackage>0</QtyInPackage>
      <ItemPrice>29.90</ItemPrice>
      <UnitOfMeasurePrice>29.90</UnitOfMeasurePrice>
      <AllowDiscount>1</AllowDiscount>
      <ItemStatus>1</ItemStatus>
    </Item>
    <Item>
      <PriceUpdateDate>2020-02-23 15:21</PriceUpdateDate>
      <ItemCode>7296073330929</ItemCode>
      <ItemType>1</ItemType>
      <ItemName>פינצטה אפורה קצה אלכסון</ItemName>
      <ManufacturerName>BE NOW</ManufacturerName>
      <ManufactureCountry>CN</ManufactureCountry>
      <ManufacturerItemDescription>פינצטה א. אפור</ManufacturerItemDescription>
      <UnitQty>יחידה</UnitQty>
      <Quantity>1.00</Quantity>
      <bIsWeighted>0</bIsWeighted>
      <UnitOfMeasure>יחידה</UnitOfMeasure>
      <QtyInPackage>0</QtyInPackage>
      <ItemPrice>19.90</ItemPrice>
      <UnitOfMeasurePrice>19.90</UnitOfMeasurePrice>
      <AllowDiscount>1</AllowDiscount>
      <ItemStatus>1</ItemStatus>
    </Item>
    <Item>
      <PriceUpdateDate>2020-01-20 00:14</PriceUpdateDate>
      <ItemCode>7296073330950</ItemCode>
      <ItemType>1</ItemType>
      <ItemName>פינצטה לבנה קצה אלכסון</ItemName>
      <ManufacturerName>BE NOW</ManufacturerName>
      <ManufactureCountry>CN</ManufactureCountry>
      <ManufacturerItemDescription>פינצטה א. לבן</ManufacturerItemDescription>
      <UnitQty>יחידה</UnitQty>
      <Quantity>1.00</Quantity>
      <bIsWeighted>0</bIsWeighted>
      <UnitOfMeasure>יחידה</UnitOfMeasure>
      <QtyInPackage>0</QtyInPackage>
      <ItemPrice>14.90</ItemPrice>
      <UnitOfMeasurePrice>14.90</UnitOfMeasurePrice>
      <AllowDiscount>1</AllowDiscount>
      <ItemStatus>1</ItemStatus>
    </Item>
    <Item>
      <PriceUpdateDate>2020-01-20 00:14</PriceUpdateDate>
      <ItemCode>7296073330967</ItemCode>
      <ItemType>1</ItemType>
      <ItemName>פינצטה לבנה קצה מכופף</ItemName>
      <ManufacturerName>BE NOW</ManufacturerName>
      <ManufactureCountry>CN</ManufactureCountry>
      <ManufacturerItemDescription>פינצטה מכופף לבן</ManufacturerItemDescription>
      <UnitQty>יחידה</UnitQty>
      <Quantity>1.00</Quantity>
      <bIsWeighted>0</bIsWeighted>
      <UnitOfMeasure>יחידה</UnitOfMeasure>
      <QtyInPackage>0</QtyInPackage>
      <ItemPrice>14.90</ItemPrice>
      <UnitOfMeasurePrice>14.90</UnitOfMeasurePrice>
      <AllowDiscount>1</AllowDiscount>
      <ItemStatus>1</ItemStatus>
    </Item>
    <Item>
      <PriceUpdateDate>2020-02-23 15:21</PriceUpdateDate>
      <ItemCode>7296073330974</ItemCode>
      <ItemType>1</ItemType>
      <ItemName>פינצטה לאב יו איכותית</ItemName>
      <ManufacturerName>BE NOW</ManufacturerName>
      <ManufactureCountry>CN</ManufactureCountry>
      <ManufacturerItemDescription>פינצטה לאב יו</ManufacturerItemDescription>
      <UnitQty>יחידה</UnitQty>
      <Quantity>1.00</Quantity>
      <bIsWeighted>0</bIsWeighted>
      <UnitOfMeasure>יחידה</UnitOfMeasure>
      <QtyInPackage>0</QtyInPackage>
      <ItemPrice>19.90</ItemPrice>
      <UnitOfMeasurePrice>19.90</UnitOfMeasurePrice>
      <AllowDiscount>1</AllowDiscount>
      <ItemStatus>1</ItemStatus>
    </Item>
    <Item>
      <PriceUpdateDate>2020-01-20 00:14</PriceUpdateDate>
      <ItemCode>7296073331063</ItemCode>
      <ItemType>1</ItemType>
      <ItemName>קוצץ גדול</ItemName>
      <ManufacturerName>BE NOW</ManufacturerName>
      <ManufactureCountry>CN</ManufactureCountry>
      <ManufacturerItemDescription>קוצץ גדול</ManufacturerItemDescription>
      <UnitQty>יחידה</UnitQty>
      <Quantity>1.00</Quantity>
      <bIsWeighted>0</bIsWeighted>
      <UnitOfMeasure>יחידה</UnitOfMeasure>
      <QtyInPackage>0</QtyInPackage>
      <ItemPrice>9.90</ItemPrice>
      <UnitOfMeasurePrice>9.90</UnitOfMeasurePrice>
      <AllowDiscount>1</AllowDiscount>
      <ItemStatus>1</ItemStatus>
    </Item>
    <Item>
      <PriceUpdateDate>2020-02-23 15:21</PriceUpdateDate>
      <ItemCode>7296073331070</ItemCode>
      <ItemType>1</ItemType>
      <ItemName>קוצץ עם אשפתון</ItemName>
      <ManufacturerName>BE NOW</ManufacturerName>
      <ManufactureCountry>CN</ManufactureCountry>
      <ManufacturerItemDescription>קוצץ עם אשפתון</ManufacturerItemDescription>
      <UnitQty>יחידה</UnitQty>
      <Quantity>1.00</Quantity>
      <bIsWeighted>0</bIsWeighted>
      <UnitOfMeasure>יחידה</UnitOfMeasure>
      <QtyInPackage>0</QtyInPackage>
      <ItemPrice>14.90</ItemPrice>
      <UnitOfMeasurePrice>14.90</UnitOfMeasurePrice>
      <AllowDiscount>1</AllowDiscount>
      <ItemStatus>1</ItemStatus>
    </Item>
    <Item>
      <PriceUpdateDate>2020-02-23 15:21</PriceUpdateDate>
      <ItemCode>7296073331087</ItemCode>
      <ItemType>1</ItemType>
      <ItemName>קוצץ אל חלד גדול</ItemName>
      <ManufacturerName>BE NOW</ManufacturerName>
      <ManufactureCountry>CN</ManufactureCountry>
      <ManufacturerItemDescription>קוצץ גדול</ManufacturerItemDescription>
      <UnitQty>יחידה</UnitQty>
      <Quantity>1.00</Quantity>
      <bIsWeighted>0</bIsWeighted>
      <UnitOfMeasure>יחידה</UnitOfMeasure>
      <QtyInPackage>0</QtyInPackage>
      <ItemPrice>19.90</ItemPrice>
      <UnitOfMeasurePrice>19.90</UnitOfMeasurePrice>
      <AllowDiscount>1</AllowDiscount>
      <ItemStatus>1</ItemStatus>
    </Item>
    <Item>
      <PriceUpdateDate>2020-02-23 15:21</PriceUpdateDate>
      <ItemCode>7296073331094</ItemCode>
      <ItemType>1</ItemType>
      <ItemName>צבת אל חלד לעור</ItemName>
      <ManufacturerName>BE NOW</ManufacturerName>
      <ManufactureCountry>CN</ManufactureCountry>
      <ManufacturerItemDescription>צבת לעור</ManufacturerItemDescription>
      <UnitQty>יחידה</UnitQty>
      <Quantity>1.00</Quantity>
      <bIsWeighted>0</bIsWeighted>
      <UnitOfMeasure>יחידה</UnitOfMeasure>
      <QtyInPackage>0</QtyInPackage>
      <ItemPrice>49.90</ItemPrice>
      <UnitOfMeasurePrice>49.90</UnitOfMeasurePrice>
      <AllowDiscount>1</AllowDiscount>
      <ItemStatus>1</ItemStatus>
    </Item>
    <Item>
      <PriceUpdateDate>2020-02-23 15:21</PriceUpdateDate>
      <ItemCode>7296073331131</ItemCode>
      <ItemType>1</ItemType>
      <ItemName>מספריים לעור - מבריק</ItemName>
      <ManufacturerName>BE NOW</ManufacturerName>
      <ManufactureCountry>CN</ManufactureCountry>
      <ManufacturerItemDescription>מספריים לעור</ManufacturerItemDescription>
      <UnitQty>יחידה</UnitQty>
      <Quantity>1.00</Quantity>
      <bIsWeighted>0</bIsWeighted>
      <UnitOfMeasure>יחידה</UnitOfMeasure>
      <QtyInPackage>0</QtyInPackage>
      <ItemPrice>29.90</ItemPrice>
      <UnitOfMeasurePrice>29.90</UnitOfMeasurePrice>
      <AllowDiscount>1</AllowDiscount>
      <ItemStatus>1</ItemStatus>
    </Item>
    <Item>
      <PriceUpdateDate>2020-02-23 15:21</PriceUpdateDate>
      <ItemCode>7296073331155</ItemCode>
      <ItemType>1</ItemType>
      <ItemName>מספריים משולב מבריק</ItemName>
      <ManufacturerName>BE NOW</ManufacturerName>
      <ManufactureCountry>CN</ManufactureCountry>
      <ManufacturerItemDescription>מספריים משולב</ManufacturerItemDescription>
      <UnitQty>יחידה</UnitQty>
      <Quantity>1.00</Quantity>
      <bIsWeighted>0</bIsWeighted>
      <UnitOfMeasure>יחידה</UnitOfMeasure>
      <QtyInPackage>0</QtyInPackage>
      <ItemPrice>29.90</ItemPrice>
      <UnitOfMeasurePrice>29.90</UnitOfMeasurePrice>
      <AllowDiscount>1</AllowDiscount>
      <ItemStatus>1</ItemStatus>
    </Item>
    <Item>
      <PriceUpdateDate>2020-02-23 15:21</PriceUpdateDate>
      <ItemCode>7296073331216</ItemCode>
      <ItemType>1</ItemType>
      <ItemName>מספריים אל חלד לשיער</ItemName>
      <ManufacturerName>BE NOW</ManufacturerName>
      <ManufactureCountry>CN</ManufactureCountry>
      <ManufacturerItemDescription>מספריים לשיער</ManufacturerItemDescription>
      <UnitQty>יחידה</UnitQty>
      <Quantity>1.00</Quantity>
      <bIsWeighted>0</bIsWeighted>
      <UnitOfMeasure>יחידה</UnitOfMeasure>
      <QtyInPackage>0</QtyInPackage>
      <ItemPrice>39.90</ItemPrice>
      <UnitOfMeasurePrice>39.90</UnitOfMeasurePrice>
      <AllowDiscount>1</AllowDiscount>
      <ItemStatus>1</ItemStatus>
    </Item>
    <Item>
      <PriceUpdateDate>2020-01-20 00:14</PriceUpdateDate>
      <ItemCode>7296073331261</ItemCode>
      <ItemType>1</ItemType>
      <ItemName>פצירת אקריל</ItemName>
      <ManufacturerName>BE NOW</ManufacturerName>
      <ManufactureCountry>CN</ManufactureCountry>
      <ManufacturerItemDescription>פצירת אקריל</ManufacturerItemDescription>
      <UnitQty>יחידה</UnitQty>
      <Quantity>1.00</Quantity>
      <bIsWeighted>0</bIsWeighted>
      <UnitOfMeasure>יחידה</UnitOfMeasure>
      <QtyInPackage>0</QtyInPackage>
      <ItemPrice>8.90</ItemPrice>
      <UnitOfMeasurePrice>8.90</UnitOfMeasurePrice>
      <AllowDiscount>1</AllowDiscount>
      <ItemStatus>1</ItemStatus>
    </Item>
    <Item>
      <PriceUpdateDate>2020-02-23 15:21</PriceUpdateDate>
      <ItemCode>7296073331278</ItemCode>
      <ItemType>1</ItemType>
      <ItemName>פצירת מתכת "7 ידית שחורה</ItemName>
      <ManufacturerName>BE NOW</ManufacturerName>
      <ManufactureCountry>CN</ManufactureCountry>
      <ManufacturerItemDescription>פצירת מתכת "7</ManufacturerItemDescription>
      <UnitQty>יחידה</UnitQty>
      <Quantity>1.00</Quantity>
      <bIsWeighted>0</bIsWeighted>
      <UnitOfMeasure>יחידה</UnitOfMeasure>
      <QtyInPackage>0</QtyInPackage>
      <ItemPrice>14.90</ItemPrice>
      <UnitOfMeasurePrice>14.90</UnitOfMeasurePrice>
      <AllowDiscount>1</AllowDiscount>
      <ItemStatus>1</ItemStatus>
    </Item>
    <Item>
      <PriceUpdateDate>2020-01-20 00:14</PriceUpdateDate>
      <ItemCode>7296073331292</ItemCode>
      <ItemType>1</ItemType>
      <ItemName>פצירת מתכת מתקפלת - לתיק</ItemName>
      <ManufacturerName>BE NOW</ManufacturerName>
      <ManufactureCountry>CN</ManufactureCountry>
      <ManufacturerItemDescription>פצירת מתכת לתיק</ManufacturerItemDescription>
      <UnitQty>יחידה</UnitQty>
      <Quantity>1.00</Quantity>
      <bIsWeighted>0</bIsWeighted>
      <UnitOfMeasure>יחידה</UnitOfMeasure>
      <QtyInPackage>0</QtyInPackage>
      <ItemPrice>14.90</ItemPrice>
      <UnitOfMeasurePrice>14.90</UnitOfMeasurePrice>
      <AllowDiscount>1</AllowDiscount>
      <ItemStatus>1</ItemStatus>
    </Item>
    <Item>
      <PriceUpdateDate>2020-01-20 00:14</PriceUpdateDate>
      <ItemCode>7296073331308</ItemCode>
      <ItemType>1</ItemType>
      <ItemName>פצירת קרטון "14 8 יח'</ItemName>
      <ManufacturerName>BE NOW</ManufacturerName>
      <ManufactureCountry>CN</ManufactureCountry>
      <ManufacturerItemDescription>8 פצירות קרטון</ManufacturerItemDescription>
      <UnitQty>יחידה</UnitQty>
      <Quantity>1.00</Quantity>
      <bIsWeighted>0</bIsWeighted>
      <UnitOfMeasure>יחידה</UnitOfMeasure>
      <QtyInPackage>0</QtyInPackage>
      <ItemPrice>14.90</ItemPrice>
      <UnitOfMeasurePrice>14.90</UnitOfMeasurePrice>
      <AllowDiscount>1</AllowDiscount>
      <ItemStatus>1</ItemStatus>
    </Item>
    <Item>
      <PriceUpdateDate>2020-01-20 00:14</PriceUpdateDate>
      <ItemCode>7296073331322</ItemCode>
      <ItemType>1</ItemType>
      <ItemName>שלישיית פצירות עם ציורים</ItemName>
      <ManufacturerName>BE NOW</ManufacturerName>
      <ManufactureCountry>CN</ManufactureCountry>
      <ManufacturerItemDescription>שלישיית פצירות</ManufacturerItemDescription>
      <UnitQty>יחידה</UnitQty>
      <Quantity>1.00</Quantity>
      <bIsWeighted>0</bIsWeighted>
      <UnitOfMeasure>יחידה</UnitOfMeasure>
      <QtyInPackage>0</QtyInPackage>
      <ItemPrice>14.90</ItemPrice>
      <UnitOfMeasurePrice>14.90</UnitOfMeasurePrice>
      <AllowDiscount>1</AllowDiscount>
      <ItemStatus>1</ItemStatus>
    </Item>
    <Item>
      <PriceUpdateDate>2020-01-20 00:14</PriceUpdateDate>
      <ItemCode>7296073331377</ItemCode>
      <ItemType>1</ItemType>
      <ItemName>מבריק ציפורניים 3 שלבים</ItemName>
      <ManufacturerName>BE NOW</ManufacturerName>
      <ManufactureCountry>CN</ManufactureCountry>
      <ManufacturerItemDescription>מבריק צ. 3 שלבים</ManufacturerItemDescription>
      <UnitQty>יחידה</UnitQty>
      <Quantity>1.00</Quantity>
      <bIsWeighted>0</bIsWeighted>
      <UnitOfMeasure>יחידה</UnitOfMeasure>
      <QtyInPackage>0</QtyInPackage>
      <ItemPrice>17.90</ItemPrice>
      <UnitOfMeasurePrice>17.90</UnitOfMeasurePrice>
      <AllowDiscount>1</AllowDiscount>
      <ItemStatus>1</ItemStatus>
    </Item>
    <Item>
      <PriceUpdateDate>2020-02-23 15:21</PriceUpdateDate>
      <ItemCode>7296073331407</ItemCode>
      <ItemType>1</ItemType>
      <ItemName>מגרדת לכף הרגל רחבה</ItemName>
      <ManufacturerName>BE NOW</ManufacturerName>
      <ManufactureCountry>CN</ManufactureCountry>
      <ManufacturerItemDescription>מגרדת לכף רגל</ManufacturerItemDescription>
      <UnitQty>יחידה</UnitQty>
      <Quantity>1.00</Quantity>
      <bIsWeighted>0</bIsWeighted>
      <UnitOfMeasure>יחידה</UnitOfMeasure>
      <QtyInPackage>0</QtyInPackage>
      <ItemPrice>14.90</ItemPrice>
      <UnitOfMeasurePrice>14.90</UnitOfMeasurePrice>
      <AllowDiscount>1</AllowDiscount>
      <ItemStatus>1</ItemStatus>
    </Item>
    <Item>
      <PriceUpdateDate>2020-02-23 15:21</PriceUpdateDate>
      <ItemCode>7296073331414</ItemCode>
      <ItemType>1</ItemType>
      <ItemName>מגרדת סגולה לכף הרגל</ItemName>
      <ManufacturerName>BE NOW</ManufacturerName>
      <ManufactureCountry>CN</ManufactureCountry>
      <ManufacturerItemDescription>מגרדת סגולה כ.ר</ManufacturerItemDescription>
      <UnitQty>יחידה</UnitQty>
      <Quantity>1.00</Quantity>
      <bIsWeighted>0</bIsWeighted>
      <UnitOfMeasure>יחידה</UnitOfMeasure>
      <QtyInPackage>0</QtyInPackage>
      <ItemPrice>24.90</ItemPrice>
      <UnitOfMeasurePrice>24.90</UnitOfMeasurePrice>
      <AllowDiscount>1</AllowDiscount>
      <ItemStatus>1</ItemStatus>
    </Item>
    <Item>
      <PriceUpdateDate>2020-01-20 00:14</PriceUpdateDate>
      <ItemCode>7296073331452</ItemCode>
      <ItemType>1</ItemType>
      <ItemName>מכשיר פדיקור לכף הרגל</ItemName>
      <ManufacturerName>BE NOW</ManufacturerName>
      <ManufactureCountry>DE</ManufactureCountry>
      <ManufacturerItemDescription>מכשיר פדיקור כ.ר</ManufacturerItemDescription>
      <UnitQty>יחידה</UnitQty>
      <Quantity>1.00</Quantity>
      <bIsWeighted>0</bIsWeighted>
      <UnitOfMeasure>יחידה</UnitOfMeasure>
      <QtyInPackage>0</QtyInPackage>
      <ItemPrice>24.90</ItemPrice>
      <UnitOfMeasurePrice>24.90</UnitOfMeasurePrice>
      <AllowDiscount>1</AllowDiscount>
      <ItemStatus>1</ItemStatus>
    </Item>
    <Item>
      <PriceUpdateDate>2020-01-20 00:14</PriceUpdateDate>
      <ItemCode>7296073331469</ItemCode>
      <ItemType>1</ItemType>
      <ItemName>סכינים למכשיר פדיקור כ"ר</ItemName>
      <ManufacturerName>BE NOW</ManufacturerName>
      <ManufactureCountry>CN</ManufactureCountry>
      <ManufacturerItemDescription>סכינים מכשיר פדי</ManufacturerItemDescription>
      <UnitQty>יחידה</UnitQty>
      <Quantity>1.00</Quantity>
      <bIsWeighted>0</bIsWeighted>
      <UnitOfMeasure>יחידה</UnitOfMeasure>
      <QtyInPackage>0</QtyInPackage>
      <ItemPrice>24.90</ItemPrice>
      <UnitOfMeasurePrice>24.90</UnitOfMeasurePrice>
      <AllowDiscount>1</AllowDiscount>
      <ItemStatus>1</ItemStatus>
    </Item>
    <Item>
      <PriceUpdateDate>2020-01-20 00:14</PriceUpdateDate>
      <ItemCode>7296073331476</ItemCode>
      <ItemType>1</ItemType>
      <ItemName>מפריד אצבעות במריחת לק</ItemName>
      <ManufacturerName>BE NOW</ManufacturerName>
      <ManufactureCountry>CN</ManufactureCountry>
      <ManufacturerItemDescription>מפריד אצבעות</ManufacturerItemDescription>
      <UnitQty>יחידה</UnitQty>
      <Quantity>1.00</Quantity>
      <bIsWeighted>0</bIsWeighted>
      <UnitOfMeasure>יחידה</UnitOfMeasure>
      <QtyInPackage>0</QtyInPackage>
      <ItemPrice>9.90</ItemPrice>
      <UnitOfMeasurePrice>9.90</UnitOfMeasurePrice>
      <AllowDiscount>1</AllowDiscount>
      <ItemStatus>1</ItemStatus>
    </Item>
    <Item>
      <PriceUpdateDate>2020-01-20 00:14</PriceUpdateDate>
      <ItemCode>7296073331483</ItemCode>
      <ItemType>1</ItemType>
      <ItemName>אבן בימס הסרת עור כף רגל</ItemName>
      <ManufacturerName>BE NOW</ManufacturerName>
      <ManufactureCountry>CN</ManufactureCountry>
      <ManufacturerItemDescription>אבן בימס הסרת ע.</ManufacturerItemDescription>
      <UnitQty>יחידה</UnitQty>
      <Quantity>1.00</Quantity>
      <bIsWeighted>0</bIsWeighted>
      <UnitOfMeasure>יחידה</UnitOfMeasure>
      <QtyInPackage>0</QtyInPackage>
      <ItemPrice>14.90</ItemPrice>
      <UnitOfMeasurePrice>14.90</UnitOfMeasurePrice>
      <AllowDiscount>1</AllowDiscount>
      <ItemStatus>1</ItemStatus>
    </Item>
    <Item>
      <PriceUpdateDate>2020-01-20 00:14</PriceUpdateDate>
      <ItemCode>7296073331490</ItemCode>
      <ItemType>1</ItemType>
      <ItemName>אבן להסרת עור בכף הרגל</ItemName>
      <ManufacturerName>BE NOW</ManufacturerName>
      <ManufactureCountry>CN</ManufactureCountry>
      <ManufacturerItemDescription>אבן להסרת עור</ManufacturerItemDescription>
      <UnitQty>יחידה</UnitQty>
      <Quantity>1.00</Quantity>
      <bIsWeighted>0</bIsWeighted>
      <UnitOfMeasure>יחידה</UnitOfMeasure>
      <QtyInPackage>0</QtyInPackage>
      <ItemPrice>19.90</ItemPrice>
      <UnitOfMeasurePrice>19.90</UnitOfMeasurePrice>
      <AllowDiscount>1</AllowDiscount>
      <ItemStatus>1</ItemStatus>
    </Item>
    <Item>
      <PriceUpdateDate>2020-01-20 00:21</PriceUpdateDate>
      <ItemCode>7296073331537</ItemCode>
      <ItemType>1</ItemType>
      <ItemName>מברשת שיער סגול ורוד</ItemName>
      <ManufacturerName>BE NOW</ManufacturerName>
      <ManufactureCountry>CN</ManufactureCountry>
      <ManufacturerItemDescription>מברשת שיער סגול</ManufacturerItemDescription>
      <UnitQty>יחידה</UnitQty>
      <Quantity>1.00</Quantity>
      <bIsWeighted>0</bIsWeighted>
      <UnitOfMeasure>יחידה</UnitOfMeasure>
      <QtyInPackage>0</QtyInPackage>
      <ItemPrice>19.90</ItemPrice>
      <UnitOfMeasurePrice>19.90</UnitOfMeasurePrice>
      <AllowDiscount>1</AllowDiscount>
      <ItemStatus>1</ItemStatus>
    </Item>
    <Item>
      <PriceUpdateDate>2020-01-20 00:21</PriceUpdateDate>
      <ItemCode>7296073331544</ItemCode>
      <ItemType>1</ItemType>
      <ItemName>מברשת שיער אובלית מחורצת</ItemName>
      <ManufacturerName>BE NOW</ManufacturerName>
      <ManufactureCountry>CN</ManufactureCountry>
      <ManufacturerItemDescription>מברשת שיער אובל</ManufacturerItemDescription>
      <UnitQty>יחידה</UnitQty>
      <Quantity>1.00</Quantity>
      <bIsWeighted>0</bIsWeighted>
      <UnitOfMeasure>יחידה</UnitOfMeasure>
      <QtyInPackage>0</QtyInPackage>
      <ItemPrice>24.90</ItemPrice>
      <UnitOfMeasurePrice>24.90</UnitOfMeasurePrice>
      <AllowDiscount>1</AllowDiscount>
      <ItemStatus>1</ItemStatus>
    </Item>
    <Item>
      <PriceUpdateDate>2020-01-20 00:21</PriceUpdateDate>
      <ItemCode>7296073331568</ItemCode>
      <ItemType>1</ItemType>
      <ItemName>מברשת שיער מאורכת</ItemName>
      <ManufacturerName>BE NOW</ManufacturerName>
      <ManufactureCountry>CN</ManufactureCountry>
      <ManufacturerItemDescription>מברשת ש.ללא כרית</ManufacturerItemDescription>
      <UnitQty>יחידה</UnitQty>
      <Quantity>1.00</Quantity>
      <bIsWeighted>0</bIsWeighted>
      <UnitOfMeasure>יחידה</UnitOfMeasure>
      <QtyInPackage>0</QtyInPackage>
      <ItemPrice>19.90</ItemPrice>
      <UnitOfMeasurePrice>19.90</UnitOfMeasurePrice>
      <AllowDiscount>1</AllowDiscount>
      <ItemStatus>1</ItemStatus>
    </Item>
    <Item>
      <PriceUpdateDate>2020-01-20 00:21</PriceUpdateDate>
      <ItemCode>7296073331575</ItemCode>
      <ItemType>1</ItemType>
      <ItemName>מברשת שיער מטקה ורודה L</ItemName>
      <ManufacturerName>BE NOW</ManufacturerName>
      <ManufactureCountry>CN</ManufactureCountry>
      <ManufacturerItemDescription>מברשת מטקה Lורוד</ManufacturerItemDescription>
      <UnitQty>יחידה</UnitQty>
      <Quantity>1.00</Quantity>
      <bIsWeighted>0</bIsWeighted>
      <UnitOfMeasure>יחידה</UnitOfMeasure>
      <QtyInPackage>0</QtyInPackage>
      <ItemPrice>24.90</ItemPrice>
      <UnitOfMeasurePrice>24.90</UnitOfMeasurePrice>
      <AllowDiscount>1</AllowDiscount>
      <ItemStatus>1</ItemStatus>
    </Item>
    <Item>
      <PriceUpdateDate>2020-01-20 00:21</PriceUpdateDate>
      <ItemCode>7296073331612</ItemCode>
      <ItemType>1</ItemType>
      <ItemName>מברשת שיער מטקה שחורה</ItemName>
      <ManufacturerName>BE NOW</ManufacturerName>
      <ManufactureCountry>CN</ManufactureCountry>
      <ManufacturerItemDescription>מברשת מטקה שחורה</ManufacturerItemDescription>
      <UnitQty>יחידה</UnitQty>
      <Quantity>1.00</Quantity>
      <bIsWeighted>0</bIsWeighted>
      <UnitOfMeasure>יחידה</UnitOfMeasure>
      <QtyInPackage>0</QtyInPackage>
      <ItemPrice>29.90</ItemPrice>
      <UnitOfMeasurePrice>29.90</UnitOfMeasurePrice>
      <AllowDiscount>1</AllowDiscount>
      <ItemStatus>1</ItemStatus>
    </Item>
    <Item>
      <PriceUpdateDate>2020-01-20 00:21</PriceUpdateDate>
      <ItemCode>7296073331629</ItemCode>
      <ItemType>1</ItemType>
      <ItemName>מברשת שיער אובלית שחורה</ItemName>
      <ManufacturerName>BE NOW</ManufacturerName>
      <ManufactureCountry>CN</ManufactureCountry>
      <ManufacturerItemDescription>מברשת אובל שחורה</ManufacturerItemDescription>
      <UnitQty>יחידה</UnitQty>
      <Quantity>1.00</Quantity>
      <bIsWeighted>0</bIsWeighted>
      <UnitOfMeasure>יחידה</UnitOfMeasure>
      <QtyInPackage>0</QtyInPackage>
      <ItemPrice>28.90</ItemPrice>
      <UnitOfMeasurePrice>28.90</UnitOfMeasurePrice>
      <AllowDiscount>1</AllowDiscount>
      <ItemStatus>1</ItemStatus>
    </Item>
    <Item>
      <PriceUpdateDate>2020-01-20 00:21</PriceUpdateDate>
      <ItemCode>7296073331636</ItemCode>
      <ItemType>1</ItemType>
      <ItemName>מברשת שיער מאורכת שחורה</ItemName>
      <ManufacturerName>BE NOW</ManufacturerName>
      <ManufactureCountry>CN</ManufactureCountry>
      <ManufacturerItemDescription>מברשת מאורך שחור</ManufacturerItemDescription>
      <UnitQty>יחידה</UnitQty>
      <Quantity>1.00</Quantity>
      <bIsWeighted>0</bIsWeighted>
      <UnitOfMeasure>יחידה</UnitOfMeasure>
      <QtyInPackage>0</QtyInPackage>
      <ItemPrice>24.90</ItemPrice>
      <UnitOfMeasurePrice>24.90</UnitOfMeasurePrice>
      <AllowDiscount>1</AllowDiscount>
      <ItemStatus>1</ItemStatus>
    </Item>
    <Item>
      <PriceUpdateDate>2020-01-20 00:21</PriceUpdateDate>
      <ItemCode>7296073331643</ItemCode>
      <ItemType>1</ItemType>
      <ItemName>מברשת שיער לתיק שחורה</ItemName>
      <ManufacturerName>BE NOW</ManufacturerName>
      <ManufactureCountry>CN</ManufactureCountry>
      <ManufacturerItemDescription>מברשת לתיק שחורה</ManufacturerItemDescription>
      <UnitQty>יחידה</UnitQty>
      <Quantity>1.00</Quantity>
      <bIsWeighted>0</bIsWeighted>
      <UnitOfMeasure>יחידה</UnitOfMeasure>
      <QtyInPackage>0</QtyInPackage>
      <ItemPrice>22.90</ItemPrice>
      <UnitOfMeasurePrice>22.90</UnitOfMeasurePrice>
      <AllowDiscount>1</AllowDiscount>
      <ItemStatus>1</ItemStatus>
    </Item>
    <Item>
      <PriceUpdateDate>2020-01-20 00:21</PriceUpdateDate>
      <ItemCode>7296073331681</ItemCode>
      <ItemType>1</ItemType>
      <ItemName>מברשת קרמית לפן בינונית</ItemName>
      <ManufacturerName>BE NOW</ManufacturerName>
      <ManufactureCountry>CN</ManufactureCountry>
      <ManufacturerItemDescription>מברשת קרמית לפןM</ManufacturerItemDescription>
      <UnitQty>יחידה</UnitQty>
      <Quantity>1.00</Quantity>
      <bIsWeighted>0</bIsWeighted>
      <UnitOfMeasure>יחידה</UnitOfMeasure>
      <QtyInPackage>0</QtyInPackage>
      <ItemPrice>37.90</ItemPrice>
      <UnitOfMeasurePrice>37.90</UnitOfMeasurePrice>
      <AllowDiscount>1</AllowDiscount>
      <ItemStatus>1</ItemStatus>
    </Item>
    <Item>
      <PriceUpdateDate>2020-01-20 00:21</PriceUpdateDate>
      <ItemCode>7296073331735</ItemCode>
      <ItemType>1</ItemType>
      <ItemName>מברשת ש.מטקה שיער רטוב</ItemName>
      <ManufacturerName>BE NOW</ManufacturerName>
      <ManufactureCountry>CN</ManufactureCountry>
      <ManufacturerItemDescription>מברשת מטקה רטוב</ManufacturerItemDescription>
      <UnitQty>יחידה</UnitQty>
      <Quantity>1.00</Quantity>
      <bIsWeighted>0</bIsWeighted>
      <UnitOfMeasure>יחידה</UnitOfMeasure>
      <QtyInPackage>0</QtyInPackage>
      <ItemPrice>44.90</ItemPrice>
      <UnitOfMeasurePrice>44.90</UnitOfMeasurePrice>
      <AllowDiscount>1</AllowDiscount>
      <ItemStatus>1</ItemStatus>
    </Item>
    <Item>
      <PriceUpdateDate>2020-01-20 00:21</PriceUpdateDate>
      <ItemCode>7296073331742</ItemCode>
      <ItemType>1</ItemType>
      <ItemName>מברשת אובלית שיער רטוב</ItemName>
      <ManufacturerName>BE NOW</ManufacturerName>
      <ManufactureCountry>CN</ManufactureCountry>
      <ManufacturerItemDescription>מברשת אובל רטוב</ManufacturerItemDescription>
      <UnitQty>יחידה</UnitQty>
      <Quantity>1.00</Quantity>
      <bIsWeighted>0</bIsWeighted>
      <UnitOfMeasure>יחידה</UnitOfMeasure>
      <QtyInPackage>0</QtyInPackage>
      <ItemPrice>39.90</ItemPrice>
      <UnitOfMeasurePrice>39.90</UnitOfMeasurePrice>
      <AllowDiscount>1</AllowDiscount>
      <ItemStatus>1</ItemStatus>
    </Item>
    <Item>
      <PriceUpdateDate>2020-01-20 00:21</PriceUpdateDate>
      <ItemCode>7296073331766</ItemCode>
      <ItemType>1</ItemType>
      <ItemName>מברשת ש.התרת קשרים</ItemName>
      <ManufacturerName>BE NOW</ManufacturerName>
      <ManufactureCountry>CN</ManufactureCountry>
      <ManufacturerItemDescription>מברשת קשרים</ManufacturerItemDescription>
      <UnitQty>יחידה</UnitQty>
      <Quantity>1.00</Quantity>
      <bIsWeighted>0</bIsWeighted>
      <UnitOfMeasure>יחידה</UnitOfMeasure>
      <QtyInPackage>0</QtyInPackage>
      <ItemPrice>34.90</ItemPrice>
      <UnitOfMeasurePrice>34.90</UnitOfMeasurePrice>
      <AllowDiscount>1</AllowDiscount>
      <ItemStatus>1</ItemStatus>
    </Item>
    <Item>
      <PriceUpdateDate>2020-01-20 00:21</PriceUpdateDate>
      <ItemCode>7296073331797</ItemCode>
      <ItemType>1</ItemType>
      <ItemName>מברשת אובל קוצים צבעוני</ItemName>
      <ManufacturerName>BE NOW</ManufacturerName>
      <ManufactureCountry>CN</ManufactureCountry>
      <ManufacturerItemDescription>מברשת אובל צבע</ManufacturerItemDescription>
      <UnitQty>יחידה</UnitQty>
      <Quantity>1.00</Quantity>
      <bIsWeighted>0</bIsWeighted>
      <UnitOfMeasure>יחידה</UnitOfMeasure>
      <QtyInPackage>0</QtyInPackage>
      <ItemPrice>24.90</ItemPrice>
      <UnitOfMeasurePrice>24.90</UnitOfMeasurePrice>
      <AllowDiscount>1</AllowDiscount>
      <ItemStatus>1</ItemStatus>
    </Item>
    <Item>
      <PriceUpdateDate>2020-01-20 00:21</PriceUpdateDate>
      <ItemCode>7296073331803</ItemCode>
      <ItemType>1</ItemType>
      <ItemName>מברשת שיער לתיק עם מראה</ItemName>
      <ManufacturerName>BE NOW</ManufacturerName>
      <ManufactureCountry>CN</ManufactureCountry>
      <ManufacturerItemDescription>מברשת לתיק מראה</ManufacturerItemDescription>
      <UnitQty>יחידה</UnitQty>
      <Quantity>1.00</Quantity>
      <bIsWeighted>0</bIsWeighted>
      <UnitOfMeasure>יחידה</UnitOfMeasure>
      <QtyInPackage>0</QtyInPackage>
      <ItemPrice>24.90</ItemPrice>
      <UnitOfMeasurePrice>24.90</UnitOfMeasurePrice>
      <AllowDiscount>1</AllowDiscount>
      <ItemStatus>1</ItemStatus>
    </Item>
    <Item>
      <PriceUpdateDate>2020-01-20 00:21</PriceUpdateDate>
      <ItemCode>7296073331841</ItemCode>
      <ItemType>1</ItemType>
      <ItemName>מסרק גדול שחור</ItemName>
      <ManufacturerName>BE NOW</ManufacturerName>
      <ManufactureCountry>CN</ManufactureCountry>
      <ManufacturerItemDescription>מסרק גדול שחור</ManufacturerItemDescription>
      <UnitQty>יחידה</UnitQty>
      <Quantity>1.00</Quantity>
      <bIsWeighted>0</bIsWeighted>
      <UnitOfMeasure>יחידה</UnitOfMeasure>
      <QtyInPackage>0</QtyInPackage>
      <ItemPrice>9.90</ItemPrice>
      <UnitOfMeasurePrice>9.90</UnitOfMeasurePrice>
      <AllowDiscount>1</AllowDiscount>
      <ItemStatus>1</ItemStatus>
    </Item>
    <Item>
      <PriceUpdateDate>2020-01-20 00:21</PriceUpdateDate>
      <ItemCode>7296073331858</ItemCode>
      <ItemType>1</ItemType>
      <ItemName>מסרק לתלתלים עם ידית</ItemName>
      <ManufacturerName>BE NOW</ManufacturerName>
      <ManufactureCountry>CN</ManufactureCountry>
      <ManufacturerItemDescription>מסרק לתלתלים</ManufacturerItemDescription>
      <UnitQty>יחידה</UnitQty>
      <Quantity>1.00</Quantity>
      <bIsWeighted>0</bIsWeighted>
      <UnitOfMeasure>יחידה</UnitOfMeasure>
      <QtyInPackage>0</QtyInPackage>
      <ItemPrice>9.90</ItemPrice>
      <UnitOfMeasurePrice>9.90</UnitOfMeasurePrice>
      <AllowDiscount>1</AllowDiscount>
      <ItemStatus>1</ItemStatus>
    </Item>
    <Item>
      <PriceUpdateDate>2020-01-20 00:21</PriceUpdateDate>
      <ItemCode>7296073331865</ItemCode>
      <ItemType>1</ItemType>
      <ItemName>מסרק כיס שחור</ItemName>
      <ManufacturerName>BE NOW</ManufacturerName>
      <ManufactureCountry>CN</ManufactureCountry>
      <ManufacturerItemDescription>מסרק כיס שחור</ManufacturerItemDescription>
      <UnitQty>יחידה</UnitQty>
      <Quantity>1.00</Quantity>
      <bIsWeighted>0</bIsWeighted>
      <UnitOfMeasure>יחידה</UnitOfMeasure>
      <QtyInPackage>0</QtyInPackage>
      <ItemPrice>8.90</ItemPrice>
      <UnitOfMeasurePrice>8.90</UnitOfMeasurePrice>
      <AllowDiscount>1</AllowDiscount>
      <ItemStatus>1</ItemStatus>
    </Item>
    <Item>
      <PriceUpdateDate>2020-01-20 00:21</PriceUpdateDate>
      <ItemCode>7296073331889</ItemCode>
      <ItemType>1</ItemType>
      <ItemName>מסרק שחור עם ידית</ItemName>
      <ManufacturerName>BE NOW</ManufacturerName>
      <ManufactureCountry>CN</ManufactureCountry>
      <ManufacturerItemDescription>מסרק שחור ידית</ManufacturerItemDescription>
      <UnitQty>יחידה</UnitQty>
      <Quantity>1.00</Quantity>
      <bIsWeighted>0</bIsWeighted>
      <UnitOfMeasure>יחידה</UnitOfMeasure>
      <QtyInPackage>0</QtyInPackage>
      <ItemPrice>9.90</ItemPrice>
      <UnitOfMeasurePrice>9.90</UnitOfMeasurePrice>
      <AllowDiscount>1</AllowDiscount>
      <ItemStatus>1</ItemStatus>
    </Item>
    <Item>
      <PriceUpdateDate>2020-01-20 00:21</PriceUpdateDate>
      <ItemCode>7296073331896</ItemCode>
      <ItemType>1</ItemType>
      <ItemName>מסרק חום עם ידית</ItemName>
      <ManufacturerName>BE NOW</ManufacturerName>
      <ManufactureCountry>CN</ManufactureCountry>
      <ManufacturerItemDescription>מסרק חום ידית</ManufacturerItemDescription>
      <UnitQty>יחידה</UnitQty>
      <Quantity>1.00</Quantity>
      <bIsWeighted>0</bIsWeighted>
      <UnitOfMeasure>יחידה</UnitOfMeasure>
      <QtyInPackage>0</QtyInPackage>
      <ItemPrice>9.90</ItemPrice>
      <UnitOfMeasurePrice>9.90</UnitOfMeasurePrice>
      <AllowDiscount>1</AllowDiscount>
      <ItemStatus>1</ItemStatus>
    </Item>
    <Item>
      <PriceUpdateDate>2020-01-20 00:21</PriceUpdateDate>
      <ItemCode>7296073331919</ItemCode>
      <ItemType>1</ItemType>
      <ItemName>מסרק ומברשת לצבע שיער</ItemName>
      <ManufacturerName>BE NOW</ManufacturerName>
      <ManufactureCountry>CN</ManufactureCountry>
      <ManufacturerItemDescription>מסרק ומברשת לצבע</ManufacturerItemDescription>
      <UnitQty>יחידה</UnitQty>
      <Quantity>1.00</Quantity>
      <bIsWeighted>0</bIsWeighted>
      <UnitOfMeasure>יחידה</UnitOfMeasure>
      <QtyInPackage>0</QtyInPackage>
      <ItemPrice>6.90</ItemPrice>
      <UnitOfMeasurePrice>6.90</UnitOfMeasurePrice>
      <AllowDiscount>1</AllowDiscount>
      <ItemStatus>1</ItemStatus>
    </Item>
    <Item>
      <PriceUpdateDate>2020-01-20 00:21</PriceUpdateDate>
      <ItemCode>7296073331926</ItemCode>
      <ItemType>1</ItemType>
      <ItemName>קערית לצבע לשיער</ItemName>
      <ManufacturerName>BE NOW</ManufacturerName>
      <ManufactureCountry>CN</ManufactureCountry>
      <ManufacturerItemDescription>קערית לצבע לשיער</ManufacturerItemDescription>
      <UnitQty>יחידה</UnitQty>
      <Quantity>1.00</Quantity>
      <bIsWeighted>0</bIsWeighted>
      <UnitOfMeasure>יחידה</UnitOfMeasure>
      <QtyInPackage>0</QtyInPackage>
      <ItemPrice>9.90</ItemPrice>
      <UnitOfMeasurePrice>9.90</UnitOfMeasurePrice>
      <AllowDiscount>1</AllowDiscount>
      <ItemStatus>1</ItemStatus>
    </Item>
    <Item>
      <PriceUpdateDate>2020-01-20 00:21</PriceUpdateDate>
      <ItemCode>7296073331964</ItemCode>
      <ItemType>1</ItemType>
      <ItemName>גומיות בלונד</ItemName>
      <ManufacturerName />
      <ManufactureCountry>CN</ManufactureCountry>
      <ManufacturerItemDescription>גומיות בלונד</ManufacturerItemDescription>
      <UnitQty>יחידה</UnitQty>
      <Quantity>1.00</Quantity>
      <bIsWeighted>0</bIsWeighted>
      <UnitOfMeasure>יחידה</UnitOfMeasure>
      <QtyInPackage>0</QtyInPackage>
      <ItemPrice>9.90</ItemPrice>
      <UnitOfMeasurePrice>9.90</UnitOfMeasurePrice>
      <AllowDiscount>1</AllowDiscount>
      <ItemStatus>1</ItemStatus>
    </Item>
    <Item>
      <PriceUpdateDate>2020-01-20 00:21</PriceUpdateDate>
      <ItemCode>7296073331988</ItemCode>
      <ItemType>1</ItemType>
      <ItemName>גומיות שחורות דקות 12 יח</ItemName>
      <ManufacturerName>BE NOW</ManufacturerName>
      <ManufactureCountry>CN</ManufactureCountry>
      <ManufacturerItemDescription>12גומיות שחור דק</ManufacturerItemDescription>
      <UnitQty>יחידה</UnitQty>
      <Quantity>1.00</Quantity>
      <bIsWeighted>0</bIsWeighted>
      <UnitOfMeasure>יחידה</UnitOfMeasure>
      <QtyInPackage>0</QtyInPackage>
      <ItemPrice>9.90</ItemPrice>
      <UnitOfMeasurePrice>9.90</UnitOfMeasurePrice>
      <AllowDiscount>1</AllowDiscount>
      <ItemStatus>1</ItemStatus>
    </Item>
    <Item>
      <PriceUpdateDate>2020-01-20 00:21</PriceUpdateDate>
      <ItemCode>7296073332008</ItemCode>
      <ItemType>1</ItemType>
      <ItemName>גומיות בלונד דקות 12 יח</ItemName>
      <ManufacturerName>BE NOW</ManufacturerName>
      <ManufactureCountry>CN</ManufactureCountry>
      <ManufacturerItemDescription>12גומיות בלונד</ManufacturerItemDescription>
      <UnitQty>יחידה</UnitQty>
      <Quantity>1.00</Quantity>
      <bIsWeighted>0</bIsWeighted>
      <UnitOfMeasure>יחידה</UnitOfMeasure>
      <QtyInPackage>0</QtyInPackage>
      <ItemPrice>9.90</ItemPrice>
      <UnitOfMeasurePrice>9.90</UnitOfMeasurePrice>
      <AllowDiscount>1</AllowDiscount>
      <ItemStatus>1</ItemStatus>
    </Item>
    <Item>
      <PriceUpdateDate>2020-01-20 00:21</PriceUpdateDate>
      <ItemCode>7296073332091</ItemCode>
      <ItemType>1</ItemType>
      <ItemName>מארז גומיות שחורות 32 יח</ItemName>
      <ManufacturerName>BE NOW</ManufacturerName>
      <ManufactureCountry>CN</ManufactureCountry>
      <ManufacturerItemDescription>32מארז ג. שחורות</ManufacturerItemDescription>
      <UnitQty>יחידה</UnitQty>
      <Quantity>1.00</Quantity>
      <bIsWeighted>0</bIsWeighted>
      <UnitOfMeasure>יחידה</UnitOfMeasure>
      <QtyInPackage>0</QtyInPackage>
      <ItemPrice>19.90</ItemPrice>
      <UnitOfMeasurePrice>19.90</UnitOfMeasurePrice>
      <AllowDiscount>1</AllowDiscount>
      <ItemStatus>1</ItemStatus>
    </Item>
    <Item>
      <PriceUpdateDate>2020-01-20 00:21</PriceUpdateDate>
      <ItemCode>7296073332121</ItemCode>
      <ItemType>1</ItemType>
      <ItemName>8 גומיות מגבת צבעוניות</ItemName>
      <ManufacturerName>BE NOW</ManufacturerName>
      <ManufactureCountry>CN</ManufactureCountry>
      <ManufacturerItemDescription>8ג.מגבת צבעוני</ManufacturerItemDescription>
      <UnitQty>יחידה</UnitQty>
      <Quantity>1.00</Quantity>
      <bIsWeighted>0</bIsWeighted>
      <UnitOfMeasure>יחידה</UnitOfMeasure>
      <QtyInPackage>0</QtyInPackage>
      <ItemPrice>9.90</ItemPrice>
      <UnitOfMeasurePrice>9.90</UnitOfMeasurePrice>
      <AllowDiscount>1</AllowDiscount>
      <ItemStatus>1</ItemStatus>
    </Item>
    <Item>
      <PriceUpdateDate>2020-01-20 00:21</PriceUpdateDate>
      <ItemCode>7296073332138</ItemCode>
      <ItemType>1</ItemType>
      <ItemName>8 גומיות מגבת צר שחור</ItemName>
      <ManufacturerName>BE NOW</ManufacturerName>
      <ManufactureCountry>CN</ManufactureCountry>
      <ManufacturerItemDescription>8ג.מגבת צר שחור</ManufacturerItemDescription>
      <UnitQty>יחידה</UnitQty>
      <Quantity>1.00</Quantity>
      <bIsWeighted>0</bIsWeighted>
      <UnitOfMeasure>יחידה</UnitOfMeasure>
      <QtyInPackage>0</QtyInPackage>
      <ItemPrice>9.90</ItemPrice>
      <UnitOfMeasurePrice>9.90</UnitOfMeasurePrice>
      <AllowDiscount>1</AllowDiscount>
      <ItemStatus>1</ItemStatus>
    </Item>
    <Item>
      <PriceUpdateDate>2020-01-20 00:21</PriceUpdateDate>
      <ItemCode>7296073332152</ItemCode>
      <ItemType>1</ItemType>
      <ItemName>16 גומיות מגבת קטן שחור</ItemName>
      <ManufacturerName>BE NOW</ManufacturerName>
      <ManufactureCountry>CN</ManufactureCountry>
      <ManufacturerItemDescription>16ג.מגבת S שחור</ManufacturerItemDescription>
      <UnitQty>יחידה</UnitQty>
      <Quantity>1.00</Quantity>
      <bIsWeighted>0</bIsWeighted>
      <UnitOfMeasure>יחידה</UnitOfMeasure>
      <QtyInPackage>0</QtyInPackage>
      <ItemPrice>9.90</ItemPrice>
      <UnitOfMeasurePrice>9.90</UnitOfMeasurePrice>
      <AllowDiscount>1</AllowDiscount>
      <ItemStatus>1</ItemStatus>
    </Item>
    <Item>
      <PriceUpdateDate>2020-01-20 00:21</PriceUpdateDate>
      <ItemCode>7296073332169</ItemCode>
      <ItemType>1</ItemType>
      <ItemName>16גומיות מגבת קטן צבעוני</ItemName>
      <ManufacturerName>BE NOW</ManufacturerName>
      <ManufactureCountry>CN</ManufactureCountry>
      <ManufacturerItemDescription>16ג.מגבת S צבע</ManufacturerItemDescription>
      <UnitQty>יחידה</UnitQty>
      <Quantity>1.00</Quantity>
      <bIsWeighted>0</bIsWeighted>
      <UnitOfMeasure>יחידה</UnitOfMeasure>
      <QtyInPackage>0</QtyInPackage>
      <ItemPrice>9.90</ItemPrice>
      <UnitOfMeasurePrice>9.90</UnitOfMeasurePrice>
      <AllowDiscount>1</AllowDiscount>
      <ItemStatus>1</ItemStatus>
    </Item>
    <Item>
      <PriceUpdateDate>2020-01-20 00:21</PriceUpdateDate>
      <ItemCode>7296073332206</ItemCode>
      <ItemType>1</ItemType>
      <ItemName>3 גומיות סקונצים דק שחור</ItemName>
      <ManufacturerName>BE NOW</ManufacturerName>
      <ManufactureCountry>CN</ManufactureCountry>
      <ManufacturerItemDescription>3גומיות סקונצ'ים</ManufacturerItemDescription>
      <UnitQty>יחידה</UnitQty>
      <Quantity>1.00</Quantity>
      <bIsWeighted>0</bIsWeighted>
      <UnitOfMeasure>יחידה</UnitOfMeasure>
      <QtyInPackage>0</QtyInPackage>
      <ItemPrice>9.90</ItemPrice>
      <UnitOfMeasurePrice>9.90</UnitOfMeasurePrice>
      <AllowDiscount>1</AllowDiscount>
      <ItemStatus>1</ItemStatus>
    </Item>
    <Item>
      <PriceUpdateDate>2020-01-20 00:21</PriceUpdateDate>
      <ItemCode>7296073332237</ItemCode>
      <ItemType>1</ItemType>
      <ItemName>2 סרט ילדות שחור וכוכבים</ItemName>
      <ManufacturerName>BE NOW</ManufacturerName>
      <ManufactureCountry>CN</ManufactureCountry>
      <ManufacturerItemDescription>2סרט ילדות כוכב</ManufacturerItemDescription>
      <UnitQty>יחידה</UnitQty>
      <Quantity>1.00</Quantity>
      <bIsWeighted>0</bIsWeighted>
      <UnitOfMeasure>יחידה</UnitOfMeasure>
      <QtyInPackage>0</QtyInPackage>
      <ItemPrice>14.90</ItemPrice>
      <UnitOfMeasurePrice>14.90</UnitOfMeasurePrice>
      <AllowDiscount>1</AllowDiscount>
      <ItemStatus>1</ItemStatus>
    </Item>
    <Item>
      <PriceUpdateDate>2020-01-20 00:21</PriceUpdateDate>
      <ItemCode>7296073332244</ItemCode>
      <ItemType>1</ItemType>
      <ItemName>גומיית דונטס שחור</ItemName>
      <ManufacturerName>BE NOW</ManufacturerName>
      <ManufactureCountry>CN</ManufactureCountry>
      <ManufacturerItemDescription>גומיית דונטס ש.</ManufacturerItemDescription>
      <UnitQty>יחידה</UnitQty>
      <Quantity>1.00</Quantity>
      <bIsWeighted>0</bIsWeighted>
      <UnitOfMeasure>יחידה</UnitOfMeasure>
      <QtyInPackage>0</QtyInPackage>
      <ItemPrice>9.90</ItemPrice>
      <UnitOfMeasurePrice>9.90</UnitOfMeasurePrice>
      <AllowDiscount>1</AllowDiscount>
      <ItemStatus>1</ItemStatus>
    </Item>
    <Item>
      <PriceUpdateDate>2020-01-20 00:21</PriceUpdateDate>
      <ItemCode>7296073332251</ItemCode>
      <ItemType>1</ItemType>
      <ItemName>3 גומיות מסולסלות שחורות</ItemName>
      <ManufacturerName>BE NOW</ManufacturerName>
      <ManufactureCountry>CN</ManufactureCountry>
      <ManufacturerItemDescription>3גומיות מסולסלות</ManufacturerItemDescription>
      <UnitQty>יחידה</UnitQty>
      <Quantity>1.00</Quantity>
      <bIsWeighted>0</bIsWeighted>
      <UnitOfMeasure>יחידה</UnitOfMeasure>
      <QtyInPackage>0</QtyInPackage>
      <ItemPrice>9.90</ItemPrice>
      <UnitOfMeasurePrice>9.90</UnitOfMeasurePrice>
      <AllowDiscount>1</AllowDiscount>
      <ItemStatus>1</ItemStatus>
    </Item>
    <Item>
      <PriceUpdateDate>2020-01-20 00:21</PriceUpdateDate>
      <ItemCode>7296073332329</ItemCode>
      <ItemType>1</ItemType>
      <ItemName>סרט פפיון טורקיז</ItemName>
      <ManufacturerName>BE NOW</ManufacturerName>
      <ManufactureCountry>CN</ManufactureCountry>
      <ManufacturerItemDescription>סרט פפיון טורקיז</ManufacturerItemDescription>
      <UnitQty>יחידה</UnitQty>
      <Quantity>1.00</Quantity>
      <bIsWeighted>0</bIsWeighted>
      <UnitOfMeasure>יחידה</UnitOfMeasure>
      <QtyInPackage>0</QtyInPackage>
      <ItemPrice>14.90</ItemPrice>
      <UnitOfMeasurePrice>14.90</UnitOfMeasurePrice>
      <AllowDiscount>1</AllowDiscount>
      <ItemStatus>1</ItemStatus>
    </Item>
    <Item>
      <PriceUpdateDate>2020-01-20 00:21</PriceUpdateDate>
      <ItemCode>7296073332411</ItemCode>
      <ItemType>1</ItemType>
      <ItemName>תיקתק חד קרן 4 יח</ItemName>
      <ManufacturerName>BE NOW</ManufacturerName>
      <ManufactureCountry>CN</ManufactureCountry>
      <ManufacturerItemDescription>4 תיקתק חד קרן</ManufacturerItemDescription>
      <UnitQty>יחידה</UnitQty>
      <Quantity>1.00</Quantity>
      <bIsWeighted>0</bIsWeighted>
      <UnitOfMeasure>יחידה</UnitOfMeasure>
      <QtyInPackage>0</QtyInPackage>
      <ItemPrice>16.90</ItemPrice>
      <UnitOfMeasurePrice>16.90</UnitOfMeasurePrice>
      <AllowDiscount>1</AllowDiscount>
      <ItemStatus>1</ItemStatus>
    </Item>
    <Item>
      <PriceUpdateDate>2020-01-20 00:21</PriceUpdateDate>
      <ItemCode>7296073332428</ItemCode>
      <ItemType>1</ItemType>
      <ItemName>6 תיקתק לבבות ופינגווין</ItemName>
      <ManufacturerName>BE NOW</ManufacturerName>
      <ManufactureCountry>CN</ManufactureCountry>
      <ManufacturerItemDescription>6תיקתק פינגווין</ManufacturerItemDescription>
      <UnitQty>יחידה</UnitQty>
      <Quantity>1.00</Quantity>
      <bIsWeighted>0</bIsWeighted>
      <UnitOfMeasure>יחידה</UnitOfMeasure>
      <QtyInPackage>0</QtyInPackage>
      <ItemPrice>19.90</ItemPrice>
      <UnitOfMeasurePrice>19.90</UnitOfMeasurePrice>
      <AllowDiscount>1</AllowDiscount>
      <ItemStatus>1</ItemStatus>
    </Item>
    <Item>
      <PriceUpdateDate>2020-01-20 00:21</PriceUpdateDate>
      <ItemCode>7296073332442</ItemCode>
      <ItemType>1</ItemType>
      <ItemName>12 סיכות תיקתק מיני כוכב</ItemName>
      <ManufacturerName>BE NOW</ManufacturerName>
      <ManufactureCountry>CN</ManufactureCountry>
      <ManufacturerItemDescription>12תיקתק S כוכבים</ManufacturerItemDescription>
      <UnitQty>יחידה</UnitQty>
      <Quantity>1.00</Quantity>
      <bIsWeighted>0</bIsWeighted>
      <UnitOfMeasure>יחידה</UnitOfMeasure>
      <QtyInPackage>0</QtyInPackage>
      <ItemPrice>19.90</ItemPrice>
      <UnitOfMeasurePrice>19.90</UnitOfMeasurePrice>
      <AllowDiscount>1</AllowDiscount>
      <ItemStatus>1</ItemStatus>
    </Item>
    <Item>
      <PriceUpdateDate>2020-01-20 00:21</PriceUpdateDate>
      <ItemCode>7296073332480</ItemCode>
      <ItemType>1</ItemType>
      <ItemName>סיכות תיקתק שחור 6 יח</ItemName>
      <ManufacturerName>BE NOW</ManufacturerName>
      <ManufactureCountry>CN</ManufactureCountry>
      <ManufacturerItemDescription>6תיקתק שחור</ManufacturerItemDescription>
      <UnitQty>יחידה</UnitQty>
      <Quantity>1.00</Quantity>
      <bIsWeighted>0</bIsWeighted>
      <UnitOfMeasure>יחידה</UnitOfMeasure>
      <QtyInPackage>0</QtyInPackage>
      <ItemPrice>13.50</ItemPrice>
      <UnitOfMeasurePrice>13.50</UnitOfMeasurePrice>
      <AllowDiscount>1</AllowDiscount>
      <ItemStatus>1</ItemStatus>
    </Item>
    <Item>
      <PriceUpdateDate>2020-01-20 00:21</PriceUpdateDate>
      <ItemCode>7296073332503</ItemCode>
      <ItemType>1</ItemType>
      <ItemName>40 סיכות סבתא בלונדיניות</ItemName>
      <ManufacturerName>BE NOW</ManufacturerName>
      <ManufactureCountry>CN</ManufactureCountry>
      <ManufacturerItemDescription>40סיכות בלונדיני</ManufacturerItemDescription>
      <UnitQty>יחידה</UnitQty>
      <Quantity>1.00</Quantity>
      <bIsWeighted>0</bIsWeighted>
      <UnitOfMeasure>יחידה</UnitOfMeasure>
      <QtyInPackage>0</QtyInPackage>
      <ItemPrice>14.90</ItemPrice>
      <UnitOfMeasurePrice>14.90</UnitOfMeasurePrice>
      <AllowDiscount>1</AllowDiscount>
      <ItemStatus>1</ItemStatus>
    </Item>
    <Item>
      <PriceUpdateDate>2020-01-20 00:21</PriceUpdateDate>
      <ItemCode>7296073332510</ItemCode>
      <ItemType>1</ItemType>
      <ItemName>16 קליפסים קטנטנים שחור</ItemName>
      <ManufacturerName>BE NOW</ManufacturerName>
      <ManufactureCountry>CN</ManufactureCountry>
      <ManufacturerItemDescription>16קליפסים S שחור</ManufacturerItemDescription>
      <UnitQty>יחידה</UnitQty>
      <Quantity>1.00</Quantity>
      <bIsWeighted>0</bIsWeighted>
      <UnitOfMeasure>יחידה</UnitOfMeasure>
      <QtyInPackage>0</QtyInPackage>
      <ItemPrice>14.90</ItemPrice>
      <UnitOfMeasurePrice>14.90</UnitOfMeasurePrice>
      <AllowDiscount>1</AllowDiscount>
      <ItemStatus>1</ItemStatus>
    </Item>
    <Item>
      <PriceUpdateDate>2020-01-20 00:21</PriceUpdateDate>
      <ItemCode>7296073332534</ItemCode>
      <ItemType>1</ItemType>
      <ItemName>קליפסים קטנים 8 יח שחור</ItemName>
      <ManufacturerName>BE NOW</ManufacturerName>
      <ManufactureCountry>CN</ManufactureCountry>
      <ManufacturerItemDescription>8קליפסים S שחור</ManufacturerItemDescription>
      <UnitQty>יחידה</UnitQty>
      <Quantity>1.00</Quantity>
      <bIsWeighted>0</bIsWeighted>
      <UnitOfMeasure>יחידה</UnitOfMeasure>
      <QtyInPackage>0</QtyInPackage>
      <ItemPrice>14.90</ItemPrice>
      <UnitOfMeasurePrice>14.90</UnitOfMeasurePrice>
      <AllowDiscount>1</AllowDiscount>
      <ItemStatus>1</ItemStatus>
    </Item>
    <Item>
      <PriceUpdateDate>2020-01-20 00:21</PriceUpdateDate>
      <ItemCode>7296073332541</ItemCode>
      <ItemType>1</ItemType>
      <ItemName>קליפסים קטנים 8 יח חום</ItemName>
      <ManufacturerName>BE NOW</ManufacturerName>
      <ManufactureCountry>CN</ManufactureCountry>
      <ManufacturerItemDescription>8קליפסים S חום</ManufacturerItemDescription>
      <UnitQty>יחידה</UnitQty>
      <Quantity>1.00</Quantity>
      <bIsWeighted>0</bIsWeighted>
      <UnitOfMeasure>יחידה</UnitOfMeasure>
      <QtyInPackage>0</QtyInPackage>
      <ItemPrice>14.90</ItemPrice>
      <UnitOfMeasurePrice>14.90</UnitOfMeasurePrice>
      <AllowDiscount>1</AllowDiscount>
      <ItemStatus>1</ItemStatus>
    </Item>
    <Item>
      <PriceUpdateDate>2020-01-20 00:21</PriceUpdateDate>
      <ItemCode>7296073332558</ItemCode>
      <ItemType>1</ItemType>
      <ItemName>קליפס בינוני 4 יח שחור</ItemName>
      <ManufacturerName>BE NOW</ManufacturerName>
      <ManufactureCountry>CN</ManufactureCountry>
      <ManufacturerItemDescription>4קליפס M שחור</ManufacturerItemDescription>
      <UnitQty>יחידה</UnitQty>
      <Quantity>1.00</Quantity>
      <bIsWeighted>0</bIsWeighted>
      <UnitOfMeasure>יחידה</UnitOfMeasure>
      <QtyInPackage>0</QtyInPackage>
      <ItemPrice>14.90</ItemPrice>
      <UnitOfMeasurePrice>14.90</UnitOfMeasurePrice>
      <AllowDiscount>1</AllowDiscount>
      <ItemStatus>1</ItemStatus>
    </Item>
    <Item>
      <PriceUpdateDate>2020-01-20 00:21</PriceUpdateDate>
      <ItemCode>7296073332565</ItemCode>
      <ItemType>1</ItemType>
      <ItemName>קליפס בינוני 4 יח חום</ItemName>
      <ManufacturerName>BE NOW</ManufacturerName>
      <ManufactureCountry>CN</ManufactureCountry>
      <ManufacturerItemDescription>4קליפס M חום</ManufacturerItemDescription>
      <UnitQty>יחידה</UnitQty>
      <Quantity>1.00</Quantity>
      <bIsWeighted>0</bIsWeighted>
      <UnitOfMeasure>יחידה</UnitOfMeasure>
      <QtyInPackage>0</QtyInPackage>
      <ItemPrice>14.90</ItemPrice>
      <UnitOfMeasurePrice>14.90</UnitOfMeasurePrice>
      <AllowDiscount>1</AllowDiscount>
      <ItemStatus>1</ItemStatus>
    </Item>
    <Item>
      <PriceUpdateDate>2020-01-20 00:21</PriceUpdateDate>
      <ItemCode>7296073332572</ItemCode>
      <ItemType>1</ItemType>
      <ItemName>קליפס בינוני חזק 3 יח</ItemName>
      <ManufacturerName>BE NOW</ManufacturerName>
      <ManufactureCountry>CN</ManufactureCountry>
      <ManufacturerItemDescription>3קליפס M חזק</ManufacturerItemDescription>
      <UnitQty>יחידה</UnitQty>
      <Quantity>1.00</Quantity>
      <bIsWeighted>0</bIsWeighted>
      <UnitOfMeasure>יחידה</UnitOfMeasure>
      <QtyInPackage>0</QtyInPackage>
      <ItemPrice>14.90</ItemPrice>
      <UnitOfMeasurePrice>14.90</UnitOfMeasurePrice>
      <AllowDiscount>1</AllowDiscount>
      <ItemStatus>1</ItemStatus>
    </Item>
    <Item>
      <PriceUpdateDate>2020-01-20 00:21</PriceUpdateDate>
      <ItemCode>7296073332589</ItemCode>
      <ItemType>1</ItemType>
      <ItemName>קליפס ענק 13 ס"מ</ItemName>
      <ManufacturerName>BE NOW</ManufacturerName>
      <ManufactureCountry>CN</ManufactureCountry>
      <ManufacturerItemDescription>קליפס ענק 13 סמ</ManufacturerItemDescription>
      <UnitQty>יחידה</UnitQty>
      <Quantity>1.00</Quantity>
      <bIsWeighted>0</bIsWeighted>
      <UnitOfMeasure>יחידה</UnitOfMeasure>
      <QtyInPackage>0</QtyInPackage>
      <ItemPrice>14.90</ItemPrice>
      <UnitOfMeasurePrice>14.90</UnitOfMeasurePrice>
      <AllowDiscount>1</AllowDiscount>
      <ItemStatus>1</ItemStatus>
    </Item>
    <Item>
      <PriceUpdateDate>2020-01-20 00:21</PriceUpdateDate>
      <ItemCode>7296073332602</ItemCode>
      <ItemType>1</ItemType>
      <ItemName>קליפס מקור</ItemName>
      <ManufacturerName>BE NOW</ManufacturerName>
      <ManufactureCountry>CN</ManufactureCountry>
      <ManufacturerItemDescription>קליפס מקור</ManufacturerItemDescription>
      <UnitQty>יחידה</UnitQty>
      <Quantity>1.00</Quantity>
      <bIsWeighted>0</bIsWeighted>
      <UnitOfMeasure>יחידה</UnitOfMeasure>
      <QtyInPackage>0</QtyInPackage>
      <ItemPrice>14.90</ItemPrice>
      <UnitOfMeasurePrice>14.90</UnitOfMeasurePrice>
      <AllowDiscount>1</AllowDiscount>
      <ItemStatus>1</ItemStatus>
    </Item>
    <Item>
      <PriceUpdateDate>2020-01-20 00:21</PriceUpdateDate>
      <ItemCode>7296073332619</ItemCode>
      <ItemType>1</ItemType>
      <ItemName>קליפס L גומי מונע החלקה</ItemName>
      <ManufacturerName>BE NOW</ManufacturerName>
      <ManufactureCountry>CN</ManufactureCountry>
      <ManufacturerItemDescription>קליפס ענק גומי</ManufacturerItemDescription>
      <UnitQty>יחידה</UnitQty>
      <Quantity>1.00</Quantity>
      <bIsWeighted>0</bIsWeighted>
      <UnitOfMeasure>יחידה</UnitOfMeasure>
      <QtyInPackage>0</QtyInPackage>
      <ItemPrice>19.90</ItemPrice>
      <UnitOfMeasurePrice>19.90</UnitOfMeasurePrice>
      <AllowDiscount>1</AllowDiscount>
      <ItemStatus>1</ItemStatus>
    </Item>
    <Item>
      <PriceUpdateDate>2020-01-20 00:21</PriceUpdateDate>
      <ItemCode>7296073332626</ItemCode>
      <ItemType>1</ItemType>
      <ItemName>קליפס M חום ייחודי</ItemName>
      <ManufacturerName>BE NOW</ManufacturerName>
      <ManufactureCountry>CN</ManufactureCountry>
      <ManufacturerItemDescription>קליפסM חום מיוחד</ManufacturerItemDescription>
      <UnitQty>יחידה</UnitQty>
      <Quantity>1.00</Quantity>
      <bIsWeighted>0</bIsWeighted>
      <UnitOfMeasure>יחידה</UnitOfMeasure>
      <QtyInPackage>0</QtyInPackage>
      <ItemPrice>12.90</ItemPrice>
      <UnitOfMeasurePrice>12.90</UnitOfMeasurePrice>
      <AllowDiscount>1</AllowDiscount>
      <ItemStatus>1</ItemStatus>
    </Item>
    <Item>
      <PriceUpdateDate>2020-01-20 00:21</PriceUpdateDate>
      <ItemCode>7296073332640</ItemCode>
      <ItemType>1</ItemType>
      <ItemName>קליפס M שחור בצורת רשת</ItemName>
      <ManufacturerName>BE NOW</ManufacturerName>
      <ManufactureCountry>CN</ManufactureCountry>
      <ManufacturerItemDescription>קליפס M שחור רשת</ManufacturerItemDescription>
      <UnitQty>יחידה</UnitQty>
      <Quantity>1.00</Quantity>
      <bIsWeighted>0</bIsWeighted>
      <UnitOfMeasure>יחידה</UnitOfMeasure>
      <QtyInPackage>0</QtyInPackage>
      <ItemPrice>10.90</ItemPrice>
      <UnitOfMeasurePrice>10.90</UnitOfMeasurePrice>
      <AllowDiscount>1</AllowDiscount>
      <ItemStatus>1</ItemStatus>
    </Item>
    <Item>
      <PriceUpdateDate>2020-01-20 00:21</PriceUpdateDate>
      <ItemCode>7296073332671</ItemCode>
      <ItemType>1</ItemType>
      <ItemName>זוג קליפסים שחור</ItemName>
      <ManufacturerName>BE NOW</ManufacturerName>
      <ManufactureCountry>CN</ManufactureCountry>
      <ManufacturerItemDescription>זוג קליפסים שחור</ManufacturerItemDescription>
      <UnitQty>יחידה</UnitQty>
      <Quantity>1.00</Quantity>
      <bIsWeighted>0</bIsWeighted>
      <UnitOfMeasure>יחידה</UnitOfMeasure>
      <QtyInPackage>0</QtyInPackage>
      <ItemPrice>9.90</ItemPrice>
      <UnitOfMeasurePrice>9.90</UnitOfMeasurePrice>
      <AllowDiscount>1</AllowDiscount>
      <ItemStatus>1</ItemStatus>
    </Item>
    <Item>
      <PriceUpdateDate>2020-01-20 00:21</PriceUpdateDate>
      <ItemCode>7296073332688</ItemCode>
      <ItemType>1</ItemType>
      <ItemName>זוג קליפסים חום</ItemName>
      <ManufacturerName>BE NOW</ManufacturerName>
      <ManufactureCountry>CN</ManufactureCountry>
      <ManufacturerItemDescription>זוג קליפסים חום</ManufacturerItemDescription>
      <UnitQty>יחידה</UnitQty>
      <Quantity>1.00</Quantity>
      <bIsWeighted>0</bIsWeighted>
      <UnitOfMeasure>יחידה</UnitOfMeasure>
      <QtyInPackage>0</QtyInPackage>
      <ItemPrice>9.90</ItemPrice>
      <UnitOfMeasurePrice>9.90</UnitOfMeasurePrice>
      <AllowDiscount>1</AllowDiscount>
      <ItemStatus>1</ItemStatus>
    </Item>
    <Item>
      <PriceUpdateDate>2020-01-20 00:21</PriceUpdateDate>
      <ItemCode>7296073332763</ItemCode>
      <ItemType>1</ItemType>
      <ItemName>קשת עם שיניים גדולות</ItemName>
      <ManufacturerName>BE NOW</ManufacturerName>
      <ManufactureCountry>CN</ManufactureCountry>
      <ManufacturerItemDescription>קשת שיניים גדול</ManufacturerItemDescription>
      <UnitQty>יחידה</UnitQty>
      <Quantity>1.00</Quantity>
      <bIsWeighted>0</bIsWeighted>
      <UnitOfMeasure>יחידה</UnitOfMeasure>
      <QtyInPackage>0</QtyInPackage>
      <ItemPrice>9.90</ItemPrice>
      <UnitOfMeasurePrice>9.90</UnitOfMeasurePrice>
      <AllowDiscount>1</AllowDiscount>
      <ItemStatus>1</ItemStatus>
    </Item>
    <Item>
      <PriceUpdateDate>2020-10-10 21:30</PriceUpdateDate>
      <ItemCode>7296073332794</ItemCode>
      <ItemType>1</ItemType>
      <ItemName>ספוג רחצה חבלים</ItemName>
      <ManufacturerName>BE NOW</ManufacturerName>
      <ManufactureCountry>CN</ManufactureCountry>
      <ManufacturerItemDescription>ספוג רחצה חבלים</ManufacturerItemDescription>
      <UnitQty>יחידה</UnitQty>
      <Quantity>1.00</Quantity>
      <bIsWeighted>0</bIsWeighted>
      <UnitOfMeasure>יחידה</UnitOfMeasure>
      <QtyInPackage>0</QtyInPackage>
      <ItemPrice>6.90</ItemPrice>
      <UnitOfMeasurePrice>6.90</UnitOfMeasurePrice>
      <AllowDiscount>1</AllowDiscount>
      <ItemStatus>1</ItemStatus>
    </Item>
    <Item>
      <PriceUpdateDate>2020-01-20 00:14</PriceUpdateDate>
      <ItemCode>7296073332800</ItemCode>
      <ItemType>1</ItemType>
      <ItemName>ספוג רחצה אובלי</ItemName>
      <ManufacturerName>BE NOW</ManufacturerName>
      <ManufactureCountry>CN</ManufactureCountry>
      <ManufacturerItemDescription>ספוג רחצה אובלי</ManufacturerItemDescription>
      <UnitQty>יחידה</UnitQty>
      <Quantity>1.00</Quantity>
      <bIsWeighted>0</bIsWeighted>
      <UnitOfMeasure>יחידה</UnitOfMeasure>
      <QtyInPackage>0</QtyInPackage>
      <ItemPrice>12.90</ItemPrice>
      <UnitOfMeasurePrice>12.90</UnitOfMeasurePrice>
      <AllowDiscount>1</AllowDiscount>
      <ItemStatus>1</ItemStatus>
    </Item>
    <Item>
      <PriceUpdateDate>2020-01-20 00:14</PriceUpdateDate>
      <ItemCode>7296073332831</ItemCode>
      <ItemType>1</ItemType>
      <ItemName>סרט רחצה</ItemName>
      <ManufacturerName>BE NOW</ManufacturerName>
      <ManufactureCountry>CN</ManufactureCountry>
      <ManufacturerItemDescription>סרט רחצה</ManufacturerItemDescription>
      <UnitQty>יחידה</UnitQty>
      <Quantity>1.00</Quantity>
      <bIsWeighted>0</bIsWeighted>
      <UnitOfMeasure>יחידה</UnitOfMeasure>
      <QtyInPackage>0</QtyInPackage>
      <ItemPrice>17.90</ItemPrice>
      <UnitOfMeasurePrice>17.90</UnitOfMeasurePrice>
      <AllowDiscount>1</AllowDiscount>
      <ItemStatus>1</ItemStatus>
    </Item>
    <Item>
      <PriceUpdateDate>2020-01-20 00:14</PriceUpdateDate>
      <ItemCode>7296073332848</ItemCode>
      <ItemType>1</ItemType>
      <ItemName>ספוג רשת ספוגים כתום</ItemName>
      <ManufacturerName>BE NOW</ManufacturerName>
      <ManufactureCountry>CN</ManufactureCountry>
      <ManufacturerItemDescription>ספוג רשת  כתום</ManufacturerItemDescription>
      <UnitQty>יחידה</UnitQty>
      <Quantity>1.00</Quantity>
      <bIsWeighted>0</bIsWeighted>
      <UnitOfMeasure>יחידה</UnitOfMeasure>
      <QtyInPackage>0</QtyInPackage>
      <ItemPrice>8.90</ItemPrice>
      <UnitOfMeasurePrice>8.90</UnitOfMeasurePrice>
      <AllowDiscount>1</AllowDiscount>
      <ItemStatus>1</ItemStatus>
    </Item>
    <Item>
      <PriceUpdateDate>2020-01-20 00:14</PriceUpdateDate>
      <ItemCode>7296073332855</ItemCode>
      <ItemType>1</ItemType>
      <ItemName>ספוג פלא ספוגים טורקיז</ItemName>
      <ManufacturerName>BE NOW</ManufacturerName>
      <ManufactureCountry>CN</ManufactureCountry>
      <ManufacturerItemDescription>ספוג פלא טורקיז</ManufacturerItemDescription>
      <UnitQty>יחידה</UnitQty>
      <Quantity>1.00</Quantity>
      <bIsWeighted>0</bIsWeighted>
      <UnitOfMeasure>יחידה</UnitOfMeasure>
      <QtyInPackage>0</QtyInPackage>
      <ItemPrice>8.90</ItemPrice>
      <UnitOfMeasurePrice>8.90</UnitOfMeasurePrice>
      <AllowDiscount>1</AllowDiscount>
      <ItemStatus>1</ItemStatus>
    </Item>
    <Item>
      <PriceUpdateDate>2020-01-20 00:14</PriceUpdateDate>
      <ItemCode>7296073332862</ItemCode>
      <ItemType>1</ItemType>
      <ItemName>ספוג רשת חיות</ItemName>
      <ManufacturerName>BE NOW</ManufacturerName>
      <ManufactureCountry>CN</ManufactureCountry>
      <ManufacturerItemDescription>ספוג רשת חיות</ManufacturerItemDescription>
      <UnitQty>יחידה</UnitQty>
      <Quantity>1.00</Quantity>
      <bIsWeighted>0</bIsWeighted>
      <UnitOfMeasure>יחידה</UnitOfMeasure>
      <QtyInPackage>0</QtyInPackage>
      <ItemPrice>11.90</ItemPrice>
      <UnitOfMeasurePrice>11.90</UnitOfMeasurePrice>
      <AllowDiscount>1</AllowDiscount>
      <ItemStatus>1</ItemStatus>
    </Item>
    <Item>
      <PriceUpdateDate>2020-01-20 00:14</PriceUpdateDate>
      <ItemCode>7296073332879</ItemCode>
      <ItemType>1</ItemType>
      <ItemName>ספוג רשת חיות כלבלב יח'</ItemName>
      <ManufacturerName>BE NOW</ManufacturerName>
      <ManufactureCountry>CN</ManufactureCountry>
      <ManufacturerItemDescription>ספוג רשת חיות</ManufacturerItemDescription>
      <UnitQty>יחידה</UnitQty>
      <Quantity>1.00</Quantity>
      <bIsWeighted>0</bIsWeighted>
      <UnitOfMeasure>יחידה</UnitOfMeasure>
      <QtyInPackage>1</QtyInPackage>
      <ItemPrice>11.90</ItemPrice>
      <UnitOfMeasurePrice>11.90</UnitOfMeasurePrice>
      <AllowDiscount>1</AllowDiscount>
      <ItemStatus>1</ItemStatus>
    </Item>
    <Item>
      <PriceUpdateDate>2020-10-10 21:30</PriceUpdateDate>
      <ItemCode>7296073332893</ItemCode>
      <ItemType>1</ItemType>
      <ItemName>ספוג רשת שלישייה</ItemName>
      <ManufacturerName>BE NOW</ManufacturerName>
      <ManufactureCountry>CN</ManufactureCountry>
      <ManufacturerItemDescription>ספוג רשת  שלישיה</ManufacturerItemDescription>
      <UnitQty>יחידה</UnitQty>
      <Quantity>1.00</Quantity>
      <bIsWeighted>0</bIsWeighted>
      <UnitOfMeasure>יחידה</UnitOfMeasure>
      <QtyInPackage>0</QtyInPackage>
      <ItemPrice>6.90</ItemPrice>
      <UnitOfMeasurePrice>6.90</UnitOfMeasurePrice>
      <AllowDiscount>1</AllowDiscount>
      <ItemStatus>1</ItemStatus>
    </Item>
    <Item>
      <PriceUpdateDate>2020-01-20 00:14</PriceUpdateDate>
      <ItemCode>7296073332909</ItemCode>
      <ItemType>1</ItemType>
      <ItemName>ספוג רשת צמה</ItemName>
      <ManufacturerName>BE NOW</ManufacturerName>
      <ManufactureCountry>CN</ManufactureCountry>
      <ManufacturerItemDescription>ספוג רשת צמה</ManufacturerItemDescription>
      <UnitQty>יחידה</UnitQty>
      <Quantity>1.00</Quantity>
      <bIsWeighted>0</bIsWeighted>
      <UnitOfMeasure>יחידה</UnitOfMeasure>
      <QtyInPackage>0</QtyInPackage>
      <ItemPrice>14.90</ItemPrice>
      <UnitOfMeasurePrice>14.90</UnitOfMeasurePrice>
      <AllowDiscount>1</AllowDiscount>
      <ItemStatus>1</ItemStatus>
    </Item>
    <Item>
      <PriceUpdateDate>2020-01-20 00:14</PriceUpdateDate>
      <ItemCode>7296073332923</ItemCode>
      <ItemType>1</ItemType>
      <ItemName>מברשת גב פלסטיק</ItemName>
      <ManufacturerName>BE NOW</ManufacturerName>
      <ManufactureCountry>CN</ManufactureCountry>
      <ManufacturerItemDescription>מברשת גב פלסטיק</ManufacturerItemDescription>
      <UnitQty>יחידה</UnitQty>
      <Quantity>1.00</Quantity>
      <bIsWeighted>0</bIsWeighted>
      <UnitOfMeasure>יחידה</UnitOfMeasure>
      <QtyInPackage>0</QtyInPackage>
      <ItemPrice>19.90</ItemPrice>
      <UnitOfMeasurePrice>19.90</UnitOfMeasurePrice>
      <AllowDiscount>1</AllowDiscount>
      <ItemStatus>1</ItemStatus>
    </Item>
    <Item>
      <PriceUpdateDate>2020-01-20 00:14</PriceUpdateDate>
      <ItemCode>7296073332954</ItemCode>
      <ItemType>1</ItemType>
      <ItemName>כפפת רחצה מסיבי טופו</ItemName>
      <ManufacturerName>BE NOW</ManufacturerName>
      <ManufactureCountry>CN</ManufactureCountry>
      <ManufacturerItemDescription>כפפת רחצה טופו</ManufacturerItemDescription>
      <UnitQty>יחידה</UnitQty>
      <Quantity>1.00</Quantity>
      <bIsWeighted>0</bIsWeighted>
      <UnitOfMeasure>יחידה</UnitOfMeasure>
      <QtyInPackage>0</QtyInPackage>
      <ItemPrice>29.90</ItemPrice>
      <UnitOfMeasurePrice>29.90</UnitOfMeasurePrice>
      <AllowDiscount>1</AllowDiscount>
      <ItemStatus>1</ItemStatus>
    </Item>
    <Item>
      <PriceUpdateDate>2020-01-20 00:14</PriceUpdateDate>
      <ItemCode>7296073332961</ItemCode>
      <ItemType>1</ItemType>
      <ItemName>ספוג רחצה טבעי תה ירוק</ItemName>
      <ManufacturerName>BE NOW</ManufacturerName>
      <ManufactureCountry>CN</ManufactureCountry>
      <ManufacturerItemDescription>ספוג רחצה תה</ManufacturerItemDescription>
      <UnitQty>יחידה</UnitQty>
      <Quantity>1.00</Quantity>
      <bIsWeighted>0</bIsWeighted>
      <UnitOfMeasure>יחידה</UnitOfMeasure>
      <QtyInPackage>0</QtyInPackage>
      <ItemPrice>29.90</ItemPrice>
      <UnitOfMeasurePrice>29.90</UnitOfMeasurePrice>
      <AllowDiscount>1</AllowDiscount>
      <ItemStatus>1</ItemStatus>
    </Item>
    <Item>
      <PriceUpdateDate>2020-01-20 00:14</PriceUpdateDate>
      <ItemCode>7296073332978</ItemCode>
      <ItemType>1</ItemType>
      <ItemName>ספוג רחצה טבעי פחם במבוק</ItemName>
      <ManufacturerName>BE NOW</ManufacturerName>
      <ManufactureCountry>CN</ManufactureCountry>
      <ManufacturerItemDescription>ספוג רחצה פחם</ManufacturerItemDescription>
      <UnitQty>יחידה</UnitQty>
      <Quantity>1.00</Quantity>
      <bIsWeighted>0</bIsWeighted>
      <UnitOfMeasure>יחידה</UnitOfMeasure>
      <QtyInPackage>0</QtyInPackage>
      <ItemPrice>29.90</ItemPrice>
      <UnitOfMeasurePrice>29.90</UnitOfMeasurePrice>
      <AllowDiscount>1</AllowDiscount>
      <ItemStatus>1</ItemStatus>
    </Item>
    <Item>
      <PriceUpdateDate>2020-01-20 00:14</PriceUpdateDate>
      <ItemCode>7296073333395</ItemCode>
      <ItemType>1</ItemType>
      <ItemName>פצירת קריסטל</ItemName>
      <ManufacturerName>BE NOW</ManufacturerName>
      <ManufactureCountry>CN</ManufactureCountry>
      <ManufacturerItemDescription>פצירת קריסטל</ManufacturerItemDescription>
      <UnitQty>יחידה</UnitQty>
      <Quantity>1.00</Quantity>
      <bIsWeighted>0</bIsWeighted>
      <UnitOfMeasure>יחידה</UnitOfMeasure>
      <QtyInPackage>0</QtyInPackage>
      <ItemPrice>39.90</ItemPrice>
      <UnitOfMeasurePrice>39.90</UnitOfMeasurePrice>
      <AllowDiscount>1</AllowDiscount>
      <ItemStatus>1</ItemStatus>
    </Item>
    <Item>
      <PriceUpdateDate>2020-02-23 15:21</PriceUpdateDate>
      <ItemCode>7296073333401</ItemCode>
      <ItemType>1</ItemType>
      <ItemName>פצירת אקריל אפורה 5 יח'</ItemName>
      <ManufacturerName>BE NOW</ManufacturerName>
      <ManufactureCountry>CN</ManufactureCountry>
      <ManufacturerItemDescription>5 פצירות אקריל</ManufacturerItemDescription>
      <UnitQty>יחידה</UnitQty>
      <Quantity>1.00</Quantity>
      <bIsWeighted>0</bIsWeighted>
      <UnitOfMeasure>יחידה</UnitOfMeasure>
      <QtyInPackage>0</QtyInPackage>
      <ItemPrice>29.90</ItemPrice>
      <UnitOfMeasurePrice>29.90</UnitOfMeasurePrice>
      <AllowDiscount>1</AllowDiscount>
      <ItemStatus>1</ItemStatus>
    </Item>
    <Item>
      <PriceUpdateDate>2020-01-20 00:14</PriceUpdateDate>
      <ItemCode>7296073333562</ItemCode>
      <ItemType>1</ItemType>
      <ItemName>תיק איפור נשיקה</ItemName>
      <ManufacturerName>BE NOW</ManufacturerName>
      <ManufactureCountry>CN</ManufactureCountry>
      <ManufacturerItemDescription>תיק איפור נשיקה</ManufacturerItemDescription>
      <UnitQty>יחידה</UnitQty>
      <Quantity>1.00</Quantity>
      <bIsWeighted>0</bIsWeighted>
      <UnitOfMeasure>יחידה</UnitOfMeasure>
      <QtyInPackage>0</QtyInPackage>
      <ItemPrice>34.90</ItemPrice>
      <UnitOfMeasurePrice>34.90</UnitOfMeasurePrice>
      <AllowDiscount>1</AllowDiscount>
      <ItemStatus>1</ItemStatus>
    </Item>
    <Item>
      <PriceUpdateDate>2020-01-20 00:21</PriceUpdateDate>
      <ItemCode>7296073333623</ItemCode>
      <ItemType>1</ItemType>
      <ItemName>זוג קשתות לשיער</ItemName>
      <ManufacturerName>BE NOW</ManufacturerName>
      <ManufactureCountry>CN</ManufactureCountry>
      <ManufacturerItemDescription>זוג קשתות לשיער</ManufacturerItemDescription>
      <UnitQty>יחידה</UnitQty>
      <Quantity>1.00</Quantity>
      <bIsWeighted>0</bIsWeighted>
      <UnitOfMeasure>יחידה</UnitOfMeasure>
      <QtyInPackage>0</QtyInPackage>
      <ItemPrice>13.50</ItemPrice>
      <UnitOfMeasurePrice>13.50</UnitOfMeasurePrice>
      <AllowDiscount>1</AllowDiscount>
      <ItemStatus>1</ItemStatus>
    </Item>
    <Item>
      <PriceUpdateDate>2020-01-20 00:21</PriceUpdateDate>
      <ItemCode>7296073333630</ItemCode>
      <ItemType>1</ItemType>
      <ItemName>כדור איסוף שיער</ItemName>
      <ManufacturerName>BE NOW</ManufacturerName>
      <ManufactureCountry>CN</ManufactureCountry>
      <ManufacturerItemDescription>כדור איסוף שיער</ManufacturerItemDescription>
      <UnitQty>יחידה</UnitQty>
      <Quantity>1.00</Quantity>
      <bIsWeighted>0</bIsWeighted>
      <UnitOfMeasure>יחידה</UnitOfMeasure>
      <QtyInPackage>0</QtyInPackage>
      <ItemPrice>19.90</ItemPrice>
      <UnitOfMeasurePrice>19.90</UnitOfMeasurePrice>
      <AllowDiscount>1</AllowDiscount>
      <ItemStatus>1</ItemStatus>
    </Item>
    <Item>
      <PriceUpdateDate>2020-01-20 00:14</PriceUpdateDate>
      <ItemCode>7296073333647</ItemCode>
      <ItemType>1</ItemType>
      <ItemName>ספוג רחצה מגבת אובלי</ItemName>
      <ManufacturerName>BE NOW</ManufacturerName>
      <ManufactureCountry>CN</ManufactureCountry>
      <ManufacturerItemDescription>ס.רחצה מגבת אובל</ManufacturerItemDescription>
      <UnitQty>יחידה</UnitQty>
      <Quantity>1.00</Quantity>
      <bIsWeighted>0</bIsWeighted>
      <UnitOfMeasure>יחידה</UnitOfMeasure>
      <QtyInPackage>0</QtyInPackage>
      <ItemPrice>12.90</ItemPrice>
      <UnitOfMeasurePrice>12.90</UnitOfMeasurePrice>
      <AllowDiscount>1</AllowDiscount>
      <ItemStatus>1</ItemStatus>
    </Item>
    <Item>
      <PriceUpdateDate>2020-01-20 00:21</PriceUpdateDate>
      <ItemCode>7296073333678</ItemCode>
      <ItemType>1</ItemType>
      <ItemName>מברשת שיער מאורכת סגול L</ItemName>
      <ManufacturerName>BE NOW</ManufacturerName>
      <ManufactureCountry>CN</ManufactureCountry>
      <ManufacturerItemDescription>מברשת מ. Lסגול</ManufacturerItemDescription>
      <UnitQty>יחידה</UnitQty>
      <Quantity>1.00</Quantity>
      <bIsWeighted>0</bIsWeighted>
      <UnitOfMeasure>יחידה</UnitOfMeasure>
      <QtyInPackage>0</QtyInPackage>
      <ItemPrice>24.90</ItemPrice>
      <UnitOfMeasurePrice>24.90</UnitOfMeasurePrice>
      <AllowDiscount>1</AllowDiscount>
      <ItemStatus>1</ItemStatus>
    </Item>
    <Item>
      <PriceUpdateDate>2020-01-20 00:14</PriceUpdateDate>
      <ItemCode>7296073333739</ItemCode>
      <ItemType>1</ItemType>
      <ItemName>ספוג מקצועי לניקוי פנים</ItemName>
      <ManufacturerName>BE NOW</ManufacturerName>
      <ManufactureCountry>CN</ManufactureCountry>
      <ManufacturerItemDescription>ספוג לניקוי פנים</ManufacturerItemDescription>
      <UnitQty>יחידה</UnitQty>
      <Quantity>1.00</Quantity>
      <bIsWeighted>0</bIsWeighted>
      <UnitOfMeasure>יחידה</UnitOfMeasure>
      <QtyInPackage>0</QtyInPackage>
      <ItemPrice>24.90</ItemPrice>
      <UnitOfMeasurePrice>24.90</UnitOfMeasurePrice>
      <AllowDiscount>1</AllowDiscount>
      <ItemStatus>1</ItemStatus>
    </Item>
    <Item>
      <PriceUpdateDate>2020-01-20 00:14</PriceUpdateDate>
      <ItemCode>7296073334347</ItemCode>
      <ItemType>1</ItemType>
      <ItemName>אציטון BE 115 מ"ל</ItemName>
      <ManufacturerName>---</ManufacturerName>
      <ManufactureCountry>TR</ManufactureCountry>
      <ManufacturerItemDescription>אציטון  BE</ManufacturerItemDescription>
      <UnitQty>מיליליטרים</UnitQty>
      <Quantity>115.00</Quantity>
      <bIsWeighted>0</bIsWeighted>
      <UnitOfMeasure>100 מ"ל</UnitOfMeasure>
      <QtyInPackage>1</QtyInPackage>
      <ItemPrice>5.90</ItemPrice>
      <UnitOfMeasurePrice>5.13</UnitOfMeasurePrice>
      <AllowDiscount>1</AllowDiscount>
      <ItemStatus>1</ItemStatus>
    </Item>
    <Item>
      <PriceUpdateDate>2020-10-10 19:40</PriceUpdateDate>
      <ItemCode>7296073343264</ItemCode>
      <ItemType>1</ItemType>
      <ItemName>פדים להסרת איפור-שלישיה</ItemName>
      <ManufacturerName>BE NOW</ManufacturerName>
      <ManufactureCountry>IL</ManufactureCountry>
      <ManufacturerItemDescription>פדים להסרת איפור</ManufacturerItemDescription>
      <UnitQty>יחידה</UnitQty>
      <Quantity>1.00</Quantity>
      <bIsWeighted>0</bIsWeighted>
      <UnitOfMeasure>יחידה</UnitOfMeasure>
      <QtyInPackage>1</QtyInPackage>
      <ItemPrice>16.90</ItemPrice>
      <UnitOfMeasurePrice>16.90</UnitOfMeasurePrice>
      <AllowDiscount>1</AllowDiscount>
      <ItemStatus>1</ItemStatus>
    </Item>
    <Item>
      <PriceUpdateDate>2020-10-10 19:40</PriceUpdateDate>
      <ItemCode>7296073343271</ItemCode>
      <ItemType>1</ItemType>
      <ItemName>פדים להסרת איפור יחידה</ItemName>
      <ManufacturerName>BE NOW</ManufacturerName>
      <ManufactureCountry>IL</ManufactureCountry>
      <ManufacturerItemDescription>פדים להסרת איפור</ManufacturerItemDescription>
      <UnitQty>יחידה</UnitQty>
      <Quantity>1.00</Quantity>
      <bIsWeighted>0</bIsWeighted>
      <UnitOfMeasure>יחידה</UnitOfMeasure>
      <QtyInPackage>1</QtyInPackage>
      <ItemPrice>7.90</ItemPrice>
      <UnitOfMeasurePrice>7.90</UnitOfMeasurePrice>
      <AllowDiscount>1</AllowDiscount>
      <ItemStatus>1</ItemStatus>
    </Item>
    <Item>
      <PriceUpdateDate>2020-04-23 14:03</PriceUpdateDate>
      <ItemCode>7296073343288</ItemCode>
      <ItemType>1</ItemType>
      <ItemName>צמר גפן 100 גר' יחידה</ItemName>
      <ManufacturerName>BE NOW</ManufacturerName>
      <ManufactureCountry>IL</ManufactureCountry>
      <ManufacturerItemDescription>צמר גפן 100 גר'</ManufacturerItemDescription>
      <UnitQty>גרמים</UnitQty>
      <Quantity>100.00</Quantity>
      <bIsWeighted>0</bIsWeighted>
      <UnitOfMeasure>100 גרם</UnitOfMeasure>
      <QtyInPackage>1</QtyInPackage>
      <ItemPrice>8.90</ItemPrice>
      <UnitOfMeasurePrice>8.90</UnitOfMeasurePrice>
      <AllowDiscount>1</AllowDiscount>
      <ItemStatus>1</ItemStatus>
    </Item>
    <Item>
      <PriceUpdateDate>2020-03-22 11:54</PriceUpdateDate>
      <ItemCode>7296073343295</ItemCode>
      <ItemType>1</ItemType>
      <ItemName>קסמי אזניים פלסטיק 300 י</ItemName>
      <ManufacturerName>BE NOW</ManufacturerName>
      <ManufactureCountry>IL</ManufactureCountry>
      <ManufacturerItemDescription>קסמי אזניים פלסט</ManufacturerItemDescription>
      <UnitQty>יחידה</UnitQty>
      <Quantity>1.00</Quantity>
      <bIsWeighted>0</bIsWeighted>
      <UnitOfMeasure>יחידה</UnitOfMeasure>
      <QtyInPackage>1</QtyInPackage>
      <ItemPrice>7.90</ItemPrice>
      <UnitOfMeasurePrice>7.90</UnitOfMeasurePrice>
      <AllowDiscount>1</AllowDiscount>
      <ItemStatus>1</ItemStatus>
    </Item>
    <Item>
      <PriceUpdateDate>2020-01-20 00:21</PriceUpdateDate>
      <ItemCode>7296073343301</ItemCode>
      <ItemType>1</ItemType>
      <ItemName>קסמי אזניים פלסטיק 200 י</ItemName>
      <ManufacturerName>BE NOW</ManufacturerName>
      <ManufactureCountry>IL</ManufactureCountry>
      <ManufacturerItemDescription>קסמי אזניים פלסט</ManufacturerItemDescription>
      <UnitQty>יחידה</UnitQty>
      <Quantity>1.00</Quantity>
      <bIsWeighted>0</bIsWeighted>
      <UnitOfMeasure>יחידה</UnitOfMeasure>
      <QtyInPackage>1</QtyInPackage>
      <ItemPrice>4.90</ItemPrice>
      <UnitOfMeasurePrice>4.90</UnitOfMeasurePrice>
      <AllowDiscount>1</AllowDiscount>
      <ItemStatus>1</ItemStatus>
    </Item>
    <Item>
      <PriceUpdateDate>2020-01-20 00:21</PriceUpdateDate>
      <ItemCode>7296073343318</ItemCode>
      <ItemType>1</ItemType>
      <ItemName>קסמי אזניים פלסטיק 100י</ItemName>
      <ManufacturerName>BE NOW</ManufacturerName>
      <ManufactureCountry>IL</ManufactureCountry>
      <ManufacturerItemDescription>קסמי אזניים פלסט</ManufacturerItemDescription>
      <UnitQty>יחידה</UnitQty>
      <Quantity>1.00</Quantity>
      <bIsWeighted>0</bIsWeighted>
      <UnitOfMeasure>יחידה</UnitOfMeasure>
      <QtyInPackage>1</QtyInPackage>
      <ItemPrice>2.90</ItemPrice>
      <UnitOfMeasurePrice>2.90</UnitOfMeasurePrice>
      <AllowDiscount>1</AllowDiscount>
      <ItemStatus>1</ItemStatus>
    </Item>
    <Item>
      <PriceUpdateDate>2020-01-20 00:21</PriceUpdateDate>
      <ItemCode>7296073343325</ItemCode>
      <ItemType>1</ItemType>
      <ItemName>קסמי אזניים מעץ 100 יחיד</ItemName>
      <ManufacturerName>BE NOW</ManufacturerName>
      <ManufactureCountry>IL</ManufactureCountry>
      <ManufacturerItemDescription>קסמי אזניים מעץ</ManufacturerItemDescription>
      <UnitQty>יחידה</UnitQty>
      <Quantity>1.00</Quantity>
      <bIsWeighted>0</bIsWeighted>
      <UnitOfMeasure>יחידה</UnitOfMeasure>
      <QtyInPackage>1</QtyInPackage>
      <ItemPrice>2.90</ItemPrice>
      <UnitOfMeasurePrice>2.90</UnitOfMeasurePrice>
      <AllowDiscount>1</AllowDiscount>
      <ItemStatus>1</ItemStatus>
    </Item>
    <Item>
      <PriceUpdateDate>2020-10-10 19:40</PriceUpdateDate>
      <ItemCode>7296073343431</ItemCode>
      <ItemType>1</ItemType>
      <ItemName>מגבונים לחים - רביעיה</ItemName>
      <ManufacturerName>כללי</ManufacturerName>
      <ManufactureCountry>IL</ManufactureCountry>
      <ManufacturerItemDescription>מגבונים לחים-רבי</ManufacturerItemDescription>
      <UnitQty>יחידה</UnitQty>
      <Quantity>1.00</Quantity>
      <bIsWeighted>0</bIsWeighted>
      <UnitOfMeasure>יחידה</UnitOfMeasure>
      <QtyInPackage>1</QtyInPackage>
      <ItemPrice>11.90</ItemPrice>
      <UnitOfMeasurePrice>11.90</UnitOfMeasurePrice>
      <AllowDiscount>1</AllowDiscount>
      <ItemStatus>1</ItemStatus>
    </Item>
    <Item>
      <PriceUpdateDate>2020-01-20 00:14</PriceUpdateDate>
      <ItemCode>7296073343462</ItemCode>
      <ItemType>1</ItemType>
      <ItemName>קרם חמצן 6% 60 מ"ל</ItemName>
      <ManufacturerName>כללי</ManufacturerName>
      <ManufactureCountry>IL</ManufactureCountry>
      <ManufacturerItemDescription>קרם חמצן 6%</ManufacturerItemDescription>
      <UnitQty>מיליליטרים</UnitQty>
      <Quantity>60.00</Quantity>
      <bIsWeighted>0</bIsWeighted>
      <UnitOfMeasure>100 מ"ל</UnitOfMeasure>
      <QtyInPackage>1</QtyInPackage>
      <ItemPrice>4.90</ItemPrice>
      <UnitOfMeasurePrice>8.17</UnitOfMeasurePrice>
      <AllowDiscount>1</AllowDiscount>
      <ItemStatus>1</ItemStatus>
    </Item>
    <Item>
      <PriceUpdateDate>2020-01-20 00:14</PriceUpdateDate>
      <ItemCode>7296073343479</ItemCode>
      <ItemType>1</ItemType>
      <ItemName>קרם חמצן 9% 60 מ"ל</ItemName>
      <ManufacturerName>כללי</ManufacturerName>
      <ManufactureCountry>IL</ManufactureCountry>
      <ManufacturerItemDescription>קרם חמצן 9%</ManufacturerItemDescription>
      <UnitQty>מיליליטרים</UnitQty>
      <Quantity>60.00</Quantity>
      <bIsWeighted>0</bIsWeighted>
      <UnitOfMeasure>100 מ"ל</UnitOfMeasure>
      <QtyInPackage>1</QtyInPackage>
      <ItemPrice>4.90</ItemPrice>
      <UnitOfMeasurePrice>8.17</UnitOfMeasurePrice>
      <AllowDiscount>1</AllowDiscount>
      <ItemStatus>1</ItemStatus>
    </Item>
    <Item>
      <PriceUpdateDate>2020-03-22 11:54</PriceUpdateDate>
      <ItemCode>7296073343486</ItemCode>
      <ItemType>1</ItemType>
      <ItemName>אבקת הבהרה לשיער 10 גר'</ItemName>
      <ManufacturerName>כללי</ManufacturerName>
      <ManufactureCountry>IL</ManufactureCountry>
      <ManufacturerItemDescription>אבקת הבהרה לשיער</ManufacturerItemDescription>
      <UnitQty>גרמים</UnitQty>
      <Quantity>10.00</Quantity>
      <bIsWeighted>0</bIsWeighted>
      <UnitOfMeasure>100 גרם</UnitOfMeasure>
      <QtyInPackage>1</QtyInPackage>
      <ItemPrice>7.90</ItemPrice>
      <UnitOfMeasurePrice>79.00</UnitOfMeasurePrice>
      <AllowDiscount>1</AllowDiscount>
      <ItemStatus>1</ItemStatus>
    </Item>
    <Item>
      <PriceUpdateDate>2020-01-20 00:14</PriceUpdateDate>
      <ItemCode>7296073343493</ItemCode>
      <ItemType>1</ItemType>
      <ItemName>כדורי צמר גפן 100 יח'</ItemName>
      <ManufacturerName>BE NOW</ManufacturerName>
      <ManufactureCountry>IL</ManufactureCountry>
      <ManufacturerItemDescription>כדורי צמר גפן</ManufacturerItemDescription>
      <UnitQty>יחידה</UnitQty>
      <Quantity>1.00</Quantity>
      <bIsWeighted>0</bIsWeighted>
      <UnitOfMeasure>יחידה</UnitOfMeasure>
      <QtyInPackage>1</QtyInPackage>
      <ItemPrice>9.90</ItemPrice>
      <UnitOfMeasurePrice>9.90</UnitOfMeasurePrice>
      <AllowDiscount>1</AllowDiscount>
      <ItemStatus>1</ItemStatus>
    </Item>
    <Item>
      <PriceUpdateDate>2020-05-06 16:13</PriceUpdateDate>
      <ItemCode>7296073343530</ItemCode>
      <ItemType>1</ItemType>
      <ItemName>BE תחליב רחצה750flowers</ItemName>
      <ManufacturerName>כללי</ManufacturerName>
      <ManufactureCountry>IL</ManufactureCountry>
      <ManufacturerItemDescription>BE תחליב רחצה fl</ManufacturerItemDescription>
      <UnitQty>מיליליטרים</UnitQty>
      <Quantity>750.00</Quantity>
      <bIsWeighted>0</bIsWeighted>
      <UnitOfMeasure>100 מ"ל</UnitOfMeasure>
      <QtyInPackage>1</QtyInPackage>
      <ItemPrice>11.90</ItemPrice>
      <UnitOfMeasurePrice>1.59</UnitOfMeasurePrice>
      <AllowDiscount>1</AllowDiscount>
      <ItemStatus>1</ItemStatus>
    </Item>
    <Item>
      <PriceUpdateDate>2020-05-06 16:13</PriceUpdateDate>
      <ItemCode>7296073343547</ItemCode>
      <ItemType>1</ItemType>
      <ItemName>BE תחליב רחצה musk</ItemName>
      <ManufacturerName>כללי</ManufacturerName>
      <ManufactureCountry>IL</ManufactureCountry>
      <ManufacturerItemDescription>BE תחליב רחצה mu</ManufacturerItemDescription>
      <UnitQty>מיליליטרים</UnitQty>
      <Quantity>750.00</Quantity>
      <bIsWeighted>0</bIsWeighted>
      <UnitOfMeasure>100 מ"ל</UnitOfMeasure>
      <QtyInPackage>1</QtyInPackage>
      <ItemPrice>11.90</ItemPrice>
      <UnitOfMeasurePrice>1.59</UnitOfMeasurePrice>
      <AllowDiscount>1</AllowDiscount>
      <ItemStatus>1</ItemStatus>
    </Item>
    <Item>
      <PriceUpdateDate>2020-05-06 16:13</PriceUpdateDate>
      <ItemCode>7296073343554</ItemCode>
      <ItemType>1</ItemType>
      <ItemName>BE תחליב רחצה 750classic</ItemName>
      <ManufacturerName>BE NOW</ManufacturerName>
      <ManufactureCountry>IL</ManufactureCountry>
      <ManufacturerItemDescription>BE תחליב רחצה cl</ManufacturerItemDescription>
      <UnitQty>מיליליטרים</UnitQty>
      <Quantity>750.00</Quantity>
      <bIsWeighted>0</bIsWeighted>
      <UnitOfMeasure>100 מ"ל</UnitOfMeasure>
      <QtyInPackage>1</QtyInPackage>
      <ItemPrice>11.90</ItemPrice>
      <UnitOfMeasurePrice>1.59</UnitOfMeasurePrice>
      <AllowDiscount>1</AllowDiscount>
      <ItemStatus>1</ItemStatus>
    </Item>
    <Item>
      <PriceUpdateDate>2020-10-10 19:40</PriceUpdateDate>
      <ItemCode>7296073343585</ItemCode>
      <ItemType>1</ItemType>
      <ItemName>אל סבון לידיים BE 3*500</ItemName>
      <ManufacturerName>כללי</ManufacturerName>
      <ManufactureCountry>IL</ManufactureCountry>
      <ManufacturerItemDescription>אל סבון לידיים</ManufacturerItemDescription>
      <UnitQty>מיליליטרים</UnitQty>
      <Quantity>1500.00</Quantity>
      <bIsWeighted>0</bIsWeighted>
      <UnitOfMeasure>100 מ"ל</UnitOfMeasure>
      <QtyInPackage>1</QtyInPackage>
      <ItemPrice>8.90</ItemPrice>
      <UnitOfMeasurePrice>0.59</UnitOfMeasurePrice>
      <AllowDiscount>1</AllowDiscount>
      <ItemStatus>1</ItemStatus>
    </Item>
    <Item>
      <PriceUpdateDate>2020-10-10 19:40</PriceUpdateDate>
      <ItemCode>7296073343592</ItemCode>
      <ItemType>1</ItemType>
      <ItemName>אל סבון לידיים פופארט BE</ItemName>
      <ManufacturerName>BE NOW</ManufacturerName>
      <ManufactureCountry>IL</ManufactureCountry>
      <ManufacturerItemDescription>אל סבון לידיים פ</ManufacturerItemDescription>
      <UnitQty>מיליליטרים</UnitQty>
      <Quantity>1500.00</Quantity>
      <bIsWeighted>0</bIsWeighted>
      <UnitOfMeasure>100 מ"ל</UnitOfMeasure>
      <QtyInPackage>1</QtyInPackage>
      <ItemPrice>8.90</ItemPrice>
      <UnitOfMeasurePrice>0.59</UnitOfMeasurePrice>
      <AllowDiscount>1</AllowDiscount>
      <ItemStatus>1</ItemStatus>
    </Item>
    <Item>
      <PriceUpdateDate>2020-10-10 19:40</PriceUpdateDate>
      <ItemCode>7296073343608</ItemCode>
      <ItemType>1</ItemType>
      <ItemName>אל סבון לבנדר 1 ליטר BE</ItemName>
      <ManufacturerName>כללי</ManufacturerName>
      <ManufactureCountry>IL</ManufactureCountry>
      <ManufacturerItemDescription>אל סבון לבנדר</ManufacturerItemDescription>
      <UnitQty>ליטרים</UnitQty>
      <Quantity>1.00</Quantity>
      <bIsWeighted>0</bIsWeighted>
      <UnitOfMeasure>ליטר</UnitOfMeasure>
      <QtyInPackage>1</QtyInPackage>
      <ItemPrice>8.90</ItemPrice>
      <UnitOfMeasurePrice>8.90</UnitOfMeasurePrice>
      <AllowDiscount>1</AllowDiscount>
      <ItemStatus>1</ItemStatus>
    </Item>
    <Item>
      <PriceUpdateDate>2020-10-10 19:40</PriceUpdateDate>
      <ItemCode>7296073343615</ItemCode>
      <ItemType>1</ItemType>
      <ItemName>אל סבון קמומיל 1 ליטר BE</ItemName>
      <ManufacturerName>כללי</ManufacturerName>
      <ManufactureCountry>IL</ManufactureCountry>
      <ManufacturerItemDescription>אל סבון קמומילBE</ManufacturerItemDescription>
      <UnitQty>ליטרים</UnitQty>
      <Quantity>1.00</Quantity>
      <bIsWeighted>0</bIsWeighted>
      <UnitOfMeasure>ליטר</UnitOfMeasure>
      <QtyInPackage>1</QtyInPackage>
      <ItemPrice>8.90</ItemPrice>
      <UnitOfMeasurePrice>8.90</UnitOfMeasurePrice>
      <AllowDiscount>1</AllowDiscount>
      <ItemStatus>1</ItemStatus>
    </Item>
    <Item>
      <PriceUpdateDate>2020-01-20 00:14</PriceUpdateDate>
      <ItemCode>7296073343653</ItemCode>
      <ItemType>1</ItemType>
      <ItemName>מסיר לק קלאסי 175 מ"ל BE</ItemName>
      <ManufacturerName>כללי</ManufacturerName>
      <ManufactureCountry>IL</ManufactureCountry>
      <ManufacturerItemDescription>מסיר לק קלאסי</ManufacturerItemDescription>
      <UnitQty>מיליליטרים</UnitQty>
      <Quantity>175.00</Quantity>
      <bIsWeighted>0</bIsWeighted>
      <UnitOfMeasure>100 מ"ל</UnitOfMeasure>
      <QtyInPackage>1</QtyInPackage>
      <ItemPrice>10.90</ItemPrice>
      <UnitOfMeasurePrice>6.23</UnitOfMeasurePrice>
      <AllowDiscount>1</AllowDiscount>
      <ItemStatus>1</ItemStatus>
    </Item>
    <Item>
      <PriceUpdateDate>2020-01-20 00:14</PriceUpdateDate>
      <ItemCode>7296073343660</ItemCode>
      <ItemType>1</ItemType>
      <ItemName>מסיר לק ללא אציטון 175BE</ItemName>
      <ManufacturerName>---</ManufacturerName>
      <ManufactureCountry>IL</ManufactureCountry>
      <ManufacturerItemDescription>מסיר לק ללא אציט</ManufacturerItemDescription>
      <UnitQty>מיליליטרים</UnitQty>
      <Quantity>175.00</Quantity>
      <bIsWeighted>0</bIsWeighted>
      <UnitOfMeasure>100 מ"ל</UnitOfMeasure>
      <QtyInPackage>1</QtyInPackage>
      <ItemPrice>10.90</ItemPrice>
      <UnitOfMeasurePrice>6.23</UnitOfMeasurePrice>
      <AllowDiscount>1</AllowDiscount>
      <ItemStatus>1</ItemStatus>
    </Item>
    <Item>
      <PriceUpdateDate>2020-05-06 16:13</PriceUpdateDate>
      <ItemCode>7296073343844</ItemCode>
      <ItemType>1</ItemType>
      <ItemName>BE שמפו אל דמע לתינוק750</ItemName>
      <ManufacturerName>כללי</ManufacturerName>
      <ManufactureCountry>IL</ManufactureCountry>
      <ManufacturerItemDescription>BE שמפו אל דמע ל</ManufacturerItemDescription>
      <UnitQty>מיליליטרים</UnitQty>
      <Quantity>750.00</Quantity>
      <bIsWeighted>0</bIsWeighted>
      <UnitOfMeasure>100 מ"ל</UnitOfMeasure>
      <QtyInPackage>1</QtyInPackage>
      <ItemPrice>11.90</ItemPrice>
      <UnitOfMeasurePrice>1.59</UnitOfMeasurePrice>
      <AllowDiscount>1</AllowDiscount>
      <ItemStatus>1</ItemStatus>
    </Item>
    <Item>
      <PriceUpdateDate>2020-01-20 00:21</PriceUpdateDate>
      <ItemCode>7296073343875</ItemCode>
      <ItemType>1</ItemType>
      <ItemName>תחליב רחצה לתינוק BE750</ItemName>
      <ManufacturerName>כללי</ManufacturerName>
      <ManufactureCountry>IL</ManufactureCountry>
      <ManufacturerItemDescription>ת. רחצה לתינוק</ManufacturerItemDescription>
      <UnitQty>מיליליטרים</UnitQty>
      <Quantity>750.00</Quantity>
      <bIsWeighted>0</bIsWeighted>
      <UnitOfMeasure>100 מ"ל</UnitOfMeasure>
      <QtyInPackage>1</QtyInPackage>
      <ItemPrice>12.90</ItemPrice>
      <UnitOfMeasurePrice>1.72</UnitOfMeasurePrice>
      <AllowDiscount>1</AllowDiscount>
      <ItemStatus>1</ItemStatus>
    </Item>
    <Item>
      <PriceUpdateDate>2020-01-20 00:21</PriceUpdateDate>
      <ItemCode>7296073343882</ItemCode>
      <ItemType>1</ItemType>
      <ItemName>משחת החתלה לתינוק 110מל</ItemName>
      <ManufacturerName>כללי</ManufacturerName>
      <ManufactureCountry>IL</ManufactureCountry>
      <ManufacturerItemDescription>משחת החתלה לתינו</ManufacturerItemDescription>
      <UnitQty>מיליליטרים</UnitQty>
      <Quantity>110.00</Quantity>
      <bIsWeighted>0</bIsWeighted>
      <UnitOfMeasure>100 מ"ל</UnitOfMeasure>
      <QtyInPackage>1</QtyInPackage>
      <ItemPrice>12.90</ItemPrice>
      <UnitOfMeasurePrice>11.73</UnitOfMeasurePrice>
      <AllowDiscount>1</AllowDiscount>
      <ItemStatus>1</ItemStatus>
    </Item>
    <Item>
      <PriceUpdateDate>2020-01-20 00:14</PriceUpdateDate>
      <ItemCode>7296073344179</ItemCode>
      <ItemType>1</ItemType>
      <ItemName>תחליב רחצה 100 מ"ל</ItemName>
      <ManufacturerName>ש.שוורץ</ManufacturerName>
      <ManufactureCountry>IL</ManufactureCountry>
      <ManufacturerItemDescription>תחליב רחצה 100מל</ManufacturerItemDescription>
      <UnitQty>מיליליטרים</UnitQty>
      <Quantity>100.00</Quantity>
      <bIsWeighted>0</bIsWeighted>
      <UnitOfMeasure>100 מ"ל</UnitOfMeasure>
      <QtyInPackage>1</QtyInPackage>
      <ItemPrice>5.90</ItemPrice>
      <UnitOfMeasurePrice>5.90</UnitOfMeasurePrice>
      <AllowDiscount>1</AllowDiscount>
      <ItemStatus>1</ItemStatus>
    </Item>
    <Item>
      <PriceUpdateDate>2020-01-20 00:21</PriceUpdateDate>
      <ItemCode>7296073344247</ItemCode>
      <ItemType>1</ItemType>
      <ItemName>ספריי אלכוהול יח'</ItemName>
      <ManufacturerName>ש.שוורץ</ManufacturerName>
      <ManufactureCountry>IL</ManufactureCountry>
      <ManufacturerItemDescription>ספריי אלכוהול</ManufacturerItemDescription>
      <UnitQty>מיליליטרים</UnitQty>
      <Quantity>100.00</Quantity>
      <bIsWeighted>0</bIsWeighted>
      <UnitOfMeasure>100 מ"ל</UnitOfMeasure>
      <QtyInPackage>1</QtyInPackage>
      <ItemPrice>8.90</ItemPrice>
      <UnitOfMeasurePrice>8.90</UnitOfMeasurePrice>
      <AllowDiscount>1</AllowDiscount>
      <ItemStatus>1</ItemStatus>
    </Item>
    <Item>
      <PriceUpdateDate>2020-10-10 20:20</PriceUpdateDate>
      <ItemCode>7296073345428</ItemCode>
      <ItemType>1</ItemType>
      <ItemName>מברשת שיניים חשמלית בנים</ItemName>
      <ManufacturerName>---</ManufacturerName>
      <ManufactureCountry>CN</ManufactureCountry>
      <ManufacturerItemDescription>מברשת שינ.חשמלית</ManufacturerItemDescription>
      <UnitQty>יחידה</UnitQty>
      <Quantity>1.00</Quantity>
      <bIsWeighted>0</bIsWeighted>
      <UnitOfMeasure>יחידה</UnitOfMeasure>
      <QtyInPackage>1</QtyInPackage>
      <ItemPrice>29.90</ItemPrice>
      <UnitOfMeasurePrice>29.90</UnitOfMeasurePrice>
      <AllowDiscount>1</AllowDiscount>
      <ItemStatus>1</ItemStatus>
    </Item>
    <Item>
      <PriceUpdateDate>2020-01-20 00:14</PriceUpdateDate>
      <ItemCode>7296073345435</ItemCode>
      <ItemType>1</ItemType>
      <ItemName>זוג ראשים מתחלפים בנים</ItemName>
      <ManufacturerName>---</ManufacturerName>
      <ManufactureCountry>CN</ManufactureCountry>
      <ManufacturerItemDescription>זוג ראשים מתחלפי</ManufacturerItemDescription>
      <UnitQty>יחידה</UnitQty>
      <Quantity>1.00</Quantity>
      <bIsWeighted>0</bIsWeighted>
      <UnitOfMeasure>יחידה</UnitOfMeasure>
      <QtyInPackage>1</QtyInPackage>
      <ItemPrice>21.90</ItemPrice>
      <UnitOfMeasurePrice>21.90</UnitOfMeasurePrice>
      <AllowDiscount>1</AllowDiscount>
      <ItemStatus>1</ItemStatus>
    </Item>
    <Item>
      <PriceUpdateDate>2020-10-10 20:20</PriceUpdateDate>
      <ItemCode>7296073345459</ItemCode>
      <ItemType>1</ItemType>
      <ItemName>קיסמים עם חוט בשקית50יח</ItemName>
      <ManufacturerName>---</ManufacturerName>
      <ManufactureCountry>CN</ManufactureCountry>
      <ManufacturerItemDescription>קיסמים עם חוט</ManufacturerItemDescription>
      <UnitQty>יחידה</UnitQty>
      <Quantity>1.00</Quantity>
      <bIsWeighted>0</bIsWeighted>
      <UnitOfMeasure>יחידה</UnitOfMeasure>
      <QtyInPackage>1</QtyInPackage>
      <ItemPrice>9.90</ItemPrice>
      <UnitOfMeasurePrice>9.90</UnitOfMeasurePrice>
      <AllowDiscount>1</AllowDiscount>
      <ItemStatus>1</ItemStatus>
    </Item>
    <Item>
      <PriceUpdateDate>2020-10-10 20:20</PriceUpdateDate>
      <ItemCode>7296073345466</ItemCode>
      <ItemType>1</ItemType>
      <ItemName>32 קיסמי פלסטיק מברשת</ItemName>
      <ManufacturerName>---</ManufacturerName>
      <ManufactureCountry>CN</ManufactureCountry>
      <ManufacturerItemDescription>קיסמי פלסטיק</ManufacturerItemDescription>
      <UnitQty>יחידה</UnitQty>
      <Quantity>1.00</Quantity>
      <bIsWeighted>0</bIsWeighted>
      <UnitOfMeasure>יחידה</UnitOfMeasure>
      <QtyInPackage>1</QtyInPackage>
      <ItemPrice>9.90</ItemPrice>
      <UnitOfMeasurePrice>9.90</UnitOfMeasurePrice>
      <AllowDiscount>1</AllowDiscount>
      <ItemStatus>1</ItemStatus>
    </Item>
    <Item>
      <PriceUpdateDate>2020-10-10 20:20</PriceUpdateDate>
      <ItemCode>7296073345473</ItemCode>
      <ItemType>1</ItemType>
      <ItemName>חוט דנטלי שעווה 50 מטר</ItemName>
      <ManufacturerName>---</ManufacturerName>
      <ManufactureCountry>CN</ManufactureCountry>
      <ManufacturerItemDescription>חוט דנטלי שעווה</ManufacturerItemDescription>
      <UnitQty>מטרים</UnitQty>
      <Quantity>50.00</Quantity>
      <bIsWeighted>0</bIsWeighted>
      <UnitOfMeasure>מטר</UnitOfMeasure>
      <QtyInPackage>1</QtyInPackage>
      <ItemPrice>8.90</ItemPrice>
      <UnitOfMeasurePrice>0.18</UnitOfMeasurePrice>
      <AllowDiscount>1</AllowDiscount>
      <ItemStatus>1</ItemStatus>
    </Item>
    <Item>
      <PriceUpdateDate>2020-10-10 20:20</PriceUpdateDate>
      <ItemCode>7296073345480</ItemCode>
      <ItemType>1</ItemType>
      <ItemName>חוט דנטלי שעווה מנטה 50מ</ItemName>
      <ManufacturerName>---</ManufacturerName>
      <ManufactureCountry>CN</ManufactureCountry>
      <ManufacturerItemDescription>חוט דנטלי מנטה</ManufacturerItemDescription>
      <UnitQty>מטרים</UnitQty>
      <Quantity>50.00</Quantity>
      <bIsWeighted>0</bIsWeighted>
      <UnitOfMeasure>מטר</UnitOfMeasure>
      <QtyInPackage>1</QtyInPackage>
      <ItemPrice>8.90</ItemPrice>
      <UnitOfMeasurePrice>0.18</UnitOfMeasurePrice>
      <AllowDiscount>1</AllowDiscount>
      <ItemStatus>1</ItemStatus>
    </Item>
    <Item>
      <PriceUpdateDate>2020-01-30 08:24</PriceUpdateDate>
      <ItemCode>7296073359241</ItemCode>
      <ItemType>1</ItemType>
      <ItemName>60מגני תחתון לנערות נורמ</ItemName>
      <ManufacturerName>---</ManufacturerName>
      <ManufactureCountry>DE</ManufactureCountry>
      <ManufacturerItemDescription>מגן תחתון לנערות</ManufacturerItemDescription>
      <UnitQty>יחידה</UnitQty>
      <Quantity>1.00</Quantity>
      <bIsWeighted>0</bIsWeighted>
      <UnitOfMeasure>יחידה</UnitOfMeasure>
      <QtyInPackage>1</QtyInPackage>
      <ItemPrice>10.00</ItemPrice>
      <UnitOfMeasurePrice>10.00</UnitOfMeasurePrice>
      <AllowDiscount>1</AllowDiscount>
      <ItemStatus>1</ItemStatus>
    </Item>
    <Item>
      <PriceUpdateDate>2020-01-30 08:24</PriceUpdateDate>
      <ItemCode>7296073359258</ItemCode>
      <ItemType>1</ItemType>
      <ItemName>60מגני תחתון לנערות פלקס</ItemName>
      <ManufacturerName>---</ManufacturerName>
      <ManufactureCountry>DE</ManufactureCountry>
      <ManufacturerItemDescription>מגן תחתון לנערות</ManufacturerItemDescription>
      <UnitQty>יחידה</UnitQty>
      <Quantity>1.00</Quantity>
      <bIsWeighted>0</bIsWeighted>
      <UnitOfMeasure>יחידה</UnitOfMeasure>
      <QtyInPackage>1</QtyInPackage>
      <ItemPrice>10.00</ItemPrice>
      <UnitOfMeasurePrice>10.00</UnitOfMeasurePrice>
      <AllowDiscount>1</AllowDiscount>
      <ItemStatus>1</ItemStatus>
    </Item>
    <Item>
      <PriceUpdateDate>2020-01-20 00:14</PriceUpdateDate>
      <ItemCode>7296073363330</ItemCode>
      <ItemType>1</ItemType>
      <ItemName>פרל שמפו לשיער סילבר BE</ItemName>
      <ManufacturerName>א.משי תעשיות</ManufacturerName>
      <ManufactureCountry>IL</ManufactureCountry>
      <ManufacturerItemDescription>שמפו  סילבר BE</ManufacturerItemDescription>
      <UnitQty>מיליליטרים</UnitQty>
      <Quantity>250.00</Quantity>
      <bIsWeighted>0</bIsWeighted>
      <UnitOfMeasure>100 מ"ל</UnitOfMeasure>
      <QtyInPackage>1</QtyInPackage>
      <ItemPrice>29.90</ItemPrice>
      <UnitOfMeasurePrice>11.96</UnitOfMeasurePrice>
      <AllowDiscount>1</AllowDiscount>
      <ItemStatus>1</ItemStatus>
    </Item>
    <Item>
      <PriceUpdateDate>2020-01-20 00:21</PriceUpdateDate>
      <ItemCode>7296073363378</ItemCode>
      <ItemType>1</ItemType>
      <ItemName>BE קיסמי אוזניים לתינוק</ItemName>
      <ManufacturerName>BE NOW</ManufacturerName>
      <ManufactureCountry>IL</ManufactureCountry>
      <ManufacturerItemDescription>BE קיסמי אוזניים</ManufacturerItemDescription>
      <UnitQty>יחידה</UnitQty>
      <Quantity>1.00</Quantity>
      <bIsWeighted>0</bIsWeighted>
      <UnitOfMeasure>יחידה</UnitOfMeasure>
      <QtyInPackage>1</QtyInPackage>
      <ItemPrice>4.90</ItemPrice>
      <UnitOfMeasurePrice>4.90</UnitOfMeasurePrice>
      <AllowDiscount>1</AllowDiscount>
      <ItemStatus>1</ItemStatus>
    </Item>
    <Item>
      <PriceUpdateDate>2020-01-20 00:14</PriceUpdateDate>
      <ItemCode>7296073363477</ItemCode>
      <ItemType>1</ItemType>
      <ItemName>אפליקטור 3 יח' יח'</ItemName>
      <ManufacturerName>כללי</ManufacturerName>
      <ManufactureCountry>CN</ManufactureCountry>
      <ManufacturerItemDescription>אפליקטור 3 יח'</ManufacturerItemDescription>
      <UnitQty>יחידה</UnitQty>
      <Quantity>1.00</Quantity>
      <bIsWeighted>0</bIsWeighted>
      <UnitOfMeasure>יחידה</UnitOfMeasure>
      <QtyInPackage>1</QtyInPackage>
      <ItemPrice>14.90</ItemPrice>
      <UnitOfMeasurePrice>14.90</UnitOfMeasurePrice>
      <AllowDiscount>1</AllowDiscount>
      <ItemStatus>1</ItemStatus>
    </Item>
    <Item>
      <PriceUpdateDate>2020-05-06 16:13</PriceUpdateDate>
      <ItemCode>7296073363712</ItemCode>
      <ItemType>1</ItemType>
      <ItemName>מרכך לילדים סירוק קל750מ</ItemName>
      <ManufacturerName>BE NOW</ManufacturerName>
      <ManufactureCountry>IL</ManufactureCountry>
      <ManufacturerItemDescription>מרכך שיער לילדים</ManufacturerItemDescription>
      <UnitQty>מיליליטרים</UnitQty>
      <Quantity>750.00</Quantity>
      <bIsWeighted>0</bIsWeighted>
      <UnitOfMeasure>100 מ"ל</UnitOfMeasure>
      <QtyInPackage>1</QtyInPackage>
      <ItemPrice>15.90</ItemPrice>
      <UnitOfMeasurePrice>2.12</UnitOfMeasurePrice>
      <AllowDiscount>1</AllowDiscount>
      <ItemStatus>1</ItemStatus>
    </Item>
    <Item>
      <PriceUpdateDate>2020-01-20 00:21</PriceUpdateDate>
      <ItemCode>7296073363729</ItemCode>
      <ItemType>1</ItemType>
      <ItemName>תרסיס מתיר קשרים לילדBE</ItemName>
      <ManufacturerName>BE NOW</ManufacturerName>
      <ManufactureCountry>IL</ManufactureCountry>
      <ManufacturerItemDescription>תרסיס מתיר קשרים</ManufacturerItemDescription>
      <UnitQty>מיליליטרים</UnitQty>
      <Quantity>400.00</Quantity>
      <bIsWeighted>0</bIsWeighted>
      <UnitOfMeasure>100 מ"ל</UnitOfMeasure>
      <QtyInPackage>1</QtyInPackage>
      <ItemPrice>14.90</ItemPrice>
      <UnitOfMeasurePrice>3.73</UnitOfMeasurePrice>
      <AllowDiscount>1</AllowDiscount>
      <ItemStatus>1</ItemStatus>
    </Item>
    <Item>
      <PriceUpdateDate>2020-01-20 00:21</PriceUpdateDate>
      <ItemCode>7296073363736</ItemCode>
      <ItemType>1</ItemType>
      <ItemName>קרם מתיר קשרים לילדBE</ItemName>
      <ManufacturerName>BE NOW</ManufacturerName>
      <ManufactureCountry>IL</ManufactureCountry>
      <ManufacturerItemDescription>קרם מתיר קשרים</ManufacturerItemDescription>
      <UnitQty>מיליליטרים</UnitQty>
      <Quantity>400.00</Quantity>
      <bIsWeighted>0</bIsWeighted>
      <UnitOfMeasure>100 מ"ל</UnitOfMeasure>
      <QtyInPackage>1</QtyInPackage>
      <ItemPrice>14.90</ItemPrice>
      <UnitOfMeasurePrice>3.73</UnitOfMeasurePrice>
      <AllowDiscount>1</AllowDiscount>
      <ItemStatus>1</ItemStatus>
    </Item>
    <Item>
      <PriceUpdateDate>2020-10-10 19:40</PriceUpdateDate>
      <ItemCode>7296073363804</ItemCode>
      <ItemType>1</ItemType>
      <ItemName>BE רצועות להסרת  שיער 50</ItemName>
      <ManufacturerName>BE NOW</ManufacturerName>
      <ManufactureCountry>IL</ManufactureCountry>
      <ManufacturerItemDescription>BE רצועות להסרת</ManufacturerItemDescription>
      <UnitQty>יחידה</UnitQty>
      <Quantity>1.00</Quantity>
      <bIsWeighted>0</bIsWeighted>
      <UnitOfMeasure>יחידה</UnitOfMeasure>
      <QtyInPackage>1</QtyInPackage>
      <ItemPrice>14.90</ItemPrice>
      <UnitOfMeasurePrice>14.90</UnitOfMeasurePrice>
      <AllowDiscount>1</AllowDiscount>
      <ItemStatus>1</ItemStatus>
    </Item>
    <Item>
      <PriceUpdateDate>2020-01-20 00:21</PriceUpdateDate>
      <ItemCode>7296073363859</ItemCode>
      <ItemType>1</ItemType>
      <ItemName>מגבונים להסרת איפור 25 י</ItemName>
      <ManufacturerName>כללי</ManufacturerName>
      <ManufactureCountry>IL</ManufactureCountry>
      <ManufacturerItemDescription>מגבונים להסרת אי</ManufacturerItemDescription>
      <UnitQty>יחידה</UnitQty>
      <Quantity>1.00</Quantity>
      <bIsWeighted>0</bIsWeighted>
      <UnitOfMeasure>יחידה</UnitOfMeasure>
      <QtyInPackage>1</QtyInPackage>
      <ItemPrice>8.90</ItemPrice>
      <UnitOfMeasurePrice>8.90</UnitOfMeasurePrice>
      <AllowDiscount>1</AllowDiscount>
      <ItemStatus>1</ItemStatus>
    </Item>
    <Item>
      <PriceUpdateDate>2020-01-20 00:21</PriceUpdateDate>
      <ItemCode>7296073363934</ItemCode>
      <ItemType>1</ItemType>
      <ItemName>צימרוני אוזניים עץ 200</ItemName>
      <ManufacturerName>BE NOW</ManufacturerName>
      <ManufactureCountry>IL</ManufactureCountry>
      <ManufacturerItemDescription>צימרוני אוזניים</ManufacturerItemDescription>
      <UnitQty>יחידה</UnitQty>
      <Quantity>1.00</Quantity>
      <bIsWeighted>0</bIsWeighted>
      <UnitOfMeasure>יחידה</UnitOfMeasure>
      <QtyInPackage>1</QtyInPackage>
      <ItemPrice>4.90</ItemPrice>
      <UnitOfMeasurePrice>4.90</UnitOfMeasurePrice>
      <AllowDiscount>1</AllowDiscount>
      <ItemStatus>1</ItemStatus>
    </Item>
    <Item>
      <PriceUpdateDate>2020-08-09 15:49</PriceUpdateDate>
      <ItemCode>7296073363972</ItemCode>
      <ItemType>1</ItemType>
      <ItemName>כפפות לטקס XL BE 100 יח'</ItemName>
      <ManufacturerName>כללי</ManufacturerName>
      <ManufactureCountry>IL</ManufactureCountry>
      <ManufacturerItemDescription>כפפות לטקס XL BE</ManufacturerItemDescription>
      <UnitQty>יחידה</UnitQty>
      <Quantity>1.00</Quantity>
      <bIsWeighted>0</bIsWeighted>
      <UnitOfMeasure>יחידה</UnitOfMeasure>
      <QtyInPackage>1</QtyInPackage>
      <ItemPrice>29.90</ItemPrice>
      <UnitOfMeasurePrice>29.90</UnitOfMeasurePrice>
      <AllowDiscount>1</AllowDiscount>
      <ItemStatus>1</ItemStatus>
    </Item>
    <Item>
      <PriceUpdateDate>2020-10-10 19:40</PriceUpdateDate>
      <ItemCode>7296073363989</ItemCode>
      <ItemType>1</ItemType>
      <ItemName>BE סכינים חד"פ לאישה</ItemName>
      <ManufacturerName>---</ManufacturerName>
      <ManufactureCountry>US</ManufactureCountry>
      <ManufacturerItemDescription>BE סכינים חד"פ נ</ManufacturerItemDescription>
      <UnitQty>יחידה</UnitQty>
      <Quantity>1.00</Quantity>
      <bIsWeighted>0</bIsWeighted>
      <UnitOfMeasure>יחידה</UnitOfMeasure>
      <QtyInPackage>1</QtyInPackage>
      <ItemPrice>7.90</ItemPrice>
      <UnitOfMeasurePrice>7.90</UnitOfMeasurePrice>
      <AllowDiscount>1</AllowDiscount>
      <ItemStatus>1</ItemStatus>
    </Item>
    <Item>
      <PriceUpdateDate>2020-10-10 19:40</PriceUpdateDate>
      <ItemCode>7296073363996</ItemCode>
      <ItemType>1</ItemType>
      <ItemName>BE סכינים ח"פ גבר 2 להב</ItemName>
      <ManufacturerName>---</ManufacturerName>
      <ManufactureCountry>US</ManufactureCountry>
      <ManufacturerItemDescription>BE סכינים ח"פ</ManufacturerItemDescription>
      <UnitQty>יחידה</UnitQty>
      <Quantity>1.00</Quantity>
      <bIsWeighted>0</bIsWeighted>
      <UnitOfMeasure>יחידה</UnitOfMeasure>
      <QtyInPackage>1</QtyInPackage>
      <ItemPrice>7.90</ItemPrice>
      <UnitOfMeasurePrice>7.90</UnitOfMeasurePrice>
      <AllowDiscount>1</AllowDiscount>
      <ItemStatus>1</ItemStatus>
    </Item>
    <Item>
      <PriceUpdateDate>2020-03-12 14:09</PriceUpdateDate>
      <ItemCode>7296073368212</ItemCode>
      <ItemType>1</ItemType>
      <ItemName>טחינה אורגנית גרין 500 ג</ItemName>
      <ManufacturerName>---</ManufacturerName>
      <ManufactureCountry>IL</ManufactureCountry>
      <ManufacturerItemDescription>טחינה אורגנית</ManufacturerItemDescription>
      <UnitQty>גרמים</UnitQty>
      <Quantity>500.00</Quantity>
      <bIsWeighted>0</bIsWeighted>
      <UnitOfMeasure>100 גרם</UnitOfMeasure>
      <QtyInPackage>1</QtyInPackage>
      <ItemPrice>16.90</ItemPrice>
      <UnitOfMeasurePrice>3.38</UnitOfMeasurePrice>
      <AllowDiscount>1</AllowDiscount>
      <ItemStatus>1</ItemStatus>
    </Item>
    <Item>
      <PriceUpdateDate>2020-03-01 12:54</PriceUpdateDate>
      <ItemCode>7296073372097</ItemCode>
      <ItemType>1</ItemType>
      <ItemName>קפסולות קולומביה 50 גרם</ItemName>
      <ManufacturerName>DELICA</ManufacturerName>
      <ManufactureCountry>IL</ManufactureCountry>
      <ManufacturerItemDescription>קפסולות קולומביה</ManufacturerItemDescription>
      <UnitQty>גרמים</UnitQty>
      <Quantity>50.00</Quantity>
      <bIsWeighted>0</bIsWeighted>
      <UnitOfMeasure>100 גרם</UnitOfMeasure>
      <QtyInPackage>1</QtyInPackage>
      <ItemPrice>15.90</ItemPrice>
      <UnitOfMeasurePrice>31.80</UnitOfMeasurePrice>
      <AllowDiscount>1</AllowDiscount>
      <ItemStatus>1</ItemStatus>
    </Item>
    <Item>
      <PriceUpdateDate>2020-03-01 12:54</PriceUpdateDate>
      <ItemCode>7296073372103</ItemCode>
      <ItemType>1</ItemType>
      <ItemName>קפסולות מס RISTRETTO 10</ItemName>
      <ManufacturerName>DELICA</ManufacturerName>
      <ManufactureCountry>IL</ManufactureCountry>
      <ManufacturerItemDescription>קפסולות ריסטרטו</ManufacturerItemDescription>
      <UnitQty>גרמים</UnitQty>
      <Quantity>50.00</Quantity>
      <bIsWeighted>0</bIsWeighted>
      <UnitOfMeasure>100 גרם</UnitOfMeasure>
      <QtyInPackage>1</QtyInPackage>
      <ItemPrice>15.90</ItemPrice>
      <UnitOfMeasurePrice>31.80</UnitOfMeasurePrice>
      <AllowDiscount>1</AllowDiscount>
      <ItemStatus>1</ItemStatus>
    </Item>
    <Item>
      <PriceUpdateDate>2020-03-01 12:54</PriceUpdateDate>
      <ItemCode>7296073372110</ItemCode>
      <ItemType>1</ItemType>
      <ItemName>קפסולות מס MACCHITO 9</ItemName>
      <ManufacturerName>DELICA</ManufacturerName>
      <ManufactureCountry>IL</ManufactureCountry>
      <ManufacturerItemDescription>קפסולות מקיאטו</ManufacturerItemDescription>
      <UnitQty>גרמים</UnitQty>
      <Quantity>50.00</Quantity>
      <bIsWeighted>0</bIsWeighted>
      <UnitOfMeasure>100 גרם</UnitOfMeasure>
      <QtyInPackage>1</QtyInPackage>
      <ItemPrice>15.90</ItemPrice>
      <UnitOfMeasurePrice>31.80</UnitOfMeasurePrice>
      <AllowDiscount>1</AllowDiscount>
      <ItemStatus>1</ItemStatus>
    </Item>
    <Item>
      <PriceUpdateDate>2020-01-20 00:14</PriceUpdateDate>
      <ItemCode>7296073375104</ItemCode>
      <ItemType>1</ItemType>
      <ItemName>ג'ל רחצה מיסלרי ורוד500מ</ItemName>
      <ManufacturerName>BE NOW</ManufacturerName>
      <ManufactureCountry>IL</ManufactureCountry>
      <ManufacturerItemDescription>ג'ל רחצה מיסל</ManufacturerItemDescription>
      <UnitQty>מיליליטרים</UnitQty>
      <Quantity>500.00</Quantity>
      <bIsWeighted>0</bIsWeighted>
      <UnitOfMeasure>100 מ"ל</UnitOfMeasure>
      <QtyInPackage>1</QtyInPackage>
      <ItemPrice>12.90</ItemPrice>
      <UnitOfMeasurePrice>2.58</UnitOfMeasurePrice>
      <AllowDiscount>1</AllowDiscount>
      <ItemStatus>1</ItemStatus>
    </Item>
    <Item>
      <PriceUpdateDate>2020-01-20 00:21</PriceUpdateDate>
      <ItemCode>7296073380344</ItemCode>
      <ItemType>1</ItemType>
      <ItemName>גומיות מנומרות שחורות יח</ItemName>
      <ManufacturerName>BE NOW</ManufacturerName>
      <ManufactureCountry>CN</ManufactureCountry>
      <ManufacturerItemDescription>גומיות מנומרות</ManufacturerItemDescription>
      <UnitQty>יחידה</UnitQty>
      <Quantity>1.00</Quantity>
      <bIsWeighted>0</bIsWeighted>
      <UnitOfMeasure>יחידה</UnitOfMeasure>
      <QtyInPackage>1</QtyInPackage>
      <ItemPrice>14.90</ItemPrice>
      <UnitOfMeasurePrice>14.90</UnitOfMeasurePrice>
      <AllowDiscount>1</AllowDiscount>
      <ItemStatus>1</ItemStatus>
    </Item>
    <Item>
      <PriceUpdateDate>2020-01-20 00:21</PriceUpdateDate>
      <ItemCode>7296073380368</ItemCode>
      <ItemType>1</ItemType>
      <ItemName>סיכות עננים ילדות יחידה</ItemName>
      <ManufacturerName>BE NOW</ManufacturerName>
      <ManufactureCountry>CN</ManufactureCountry>
      <ManufacturerItemDescription>סיכות עננים ילדו</ManufacturerItemDescription>
      <UnitQty>יחידה</UnitQty>
      <Quantity>1.00</Quantity>
      <bIsWeighted>0</bIsWeighted>
      <UnitOfMeasure>יחידה</UnitOfMeasure>
      <QtyInPackage>1</QtyInPackage>
      <ItemPrice>17.90</ItemPrice>
      <UnitOfMeasurePrice>17.90</UnitOfMeasurePrice>
      <AllowDiscount>1</AllowDiscount>
      <ItemStatus>1</ItemStatus>
    </Item>
    <Item>
      <PriceUpdateDate>2020-01-20 00:21</PriceUpdateDate>
      <ItemCode>7296073380405</ItemCode>
      <ItemType>1</ItemType>
      <ItemName>קליפסים בינונים שקופים 4</ItemName>
      <ManufacturerName>BE NOW</ManufacturerName>
      <ManufactureCountry>CN</ManufactureCountry>
      <ManufacturerItemDescription>קליפסים בינונים</ManufacturerItemDescription>
      <UnitQty>יחידה</UnitQty>
      <Quantity>1.00</Quantity>
      <bIsWeighted>0</bIsWeighted>
      <UnitOfMeasure>יחידה</UnitOfMeasure>
      <QtyInPackage>1</QtyInPackage>
      <ItemPrice>14.90</ItemPrice>
      <UnitOfMeasurePrice>14.90</UnitOfMeasurePrice>
      <AllowDiscount>1</AllowDiscount>
      <ItemStatus>1</ItemStatus>
    </Item>
    <Item>
      <PriceUpdateDate>2020-01-20 00:21</PriceUpdateDate>
      <ItemCode>7296073380412</ItemCode>
      <ItemType>1</ItemType>
      <ItemName>גומיות שחורות 3 סוגים 12</ItemName>
      <ManufacturerName>BE NOW</ManufacturerName>
      <ManufactureCountry>CN</ManufactureCountry>
      <ManufacturerItemDescription>גומיות שחורות</ManufacturerItemDescription>
      <UnitQty>יחידה</UnitQty>
      <Quantity>1.00</Quantity>
      <bIsWeighted>0</bIsWeighted>
      <UnitOfMeasure>יחידה</UnitOfMeasure>
      <QtyInPackage>1</QtyInPackage>
      <ItemPrice>19.90</ItemPrice>
      <UnitOfMeasurePrice>19.90</UnitOfMeasurePrice>
      <AllowDiscount>1</AllowDiscount>
      <ItemStatus>1</ItemStatus>
    </Item>
    <Item>
      <PriceUpdateDate>2020-07-30 13:56</PriceUpdateDate>
      <ItemCode>7296073380443</ItemCode>
      <ItemType>1</ItemType>
      <ItemName>בקבוק האכלה שלב 3 360מ"ל</ItemName>
      <ManufacturerName>כללי</ManufacturerName>
      <ManufactureCountry>CN</ManufactureCountry>
      <ManufacturerItemDescription>בקבוק האכלה שלב</ManufacturerItemDescription>
      <UnitQty>יחידה</UnitQty>
      <Quantity>1.00</Quantity>
      <bIsWeighted>0</bIsWeighted>
      <UnitOfMeasure>יחידה</UnitOfMeasure>
      <QtyInPackage>1</QtyInPackage>
      <ItemPrice>32.90</ItemPrice>
      <UnitOfMeasurePrice>32.90</UnitOfMeasurePrice>
      <AllowDiscount>1</AllowDiscount>
      <ItemStatus>1</ItemStatus>
    </Item>
    <Item>
      <PriceUpdateDate>2020-06-12 05:41</PriceUpdateDate>
      <ItemCode>7296073380511</ItemCode>
      <ItemType>1</ItemType>
      <ItemName>כוס אימון עם פיית סיליקו</ItemName>
      <ManufacturerName>כללי</ManufacturerName>
      <ManufactureCountry>CN</ManufactureCountry>
      <ManufacturerItemDescription>כוס אימון עם פיי</ManufacturerItemDescription>
      <UnitQty>יחידה</UnitQty>
      <Quantity>1.00</Quantity>
      <bIsWeighted>0</bIsWeighted>
      <UnitOfMeasure>יחידה</UnitOfMeasure>
      <QtyInPackage>1</QtyInPackage>
      <ItemPrice>24.90</ItemPrice>
      <UnitOfMeasurePrice>24.90</UnitOfMeasurePrice>
      <AllowDiscount>1</AllowDiscount>
      <ItemStatus>1</ItemStatus>
    </Item>
    <Item>
      <PriceUpdateDate>2020-06-12 05:41</PriceUpdateDate>
      <ItemCode>7296073380528</ItemCode>
      <ItemType>1</ItemType>
      <ItemName>כוס אימון עם פיית סיליקו</ItemName>
      <ManufacturerName>כללי</ManufacturerName>
      <ManufactureCountry>CN</ManufactureCountry>
      <ManufacturerItemDescription>כוס אימון עם פיי</ManufacturerItemDescription>
      <UnitQty>יחידה</UnitQty>
      <Quantity>1.00</Quantity>
      <bIsWeighted>0</bIsWeighted>
      <UnitOfMeasure>יחידה</UnitOfMeasure>
      <QtyInPackage>1</QtyInPackage>
      <ItemPrice>24.90</ItemPrice>
      <UnitOfMeasurePrice>24.90</UnitOfMeasurePrice>
      <AllowDiscount>1</AllowDiscount>
      <ItemStatus>1</ItemStatus>
    </Item>
    <Item>
      <PriceUpdateDate>2020-06-19 05:41</PriceUpdateDate>
      <ItemCode>7296073380535</ItemCode>
      <ItemType>1</ItemType>
      <ItemName>סט 3 נשכנים -  3 שלבים</ItemName>
      <ManufacturerName>כללי</ManufacturerName>
      <ManufactureCountry>CN</ManufactureCountry>
      <ManufacturerItemDescription>סט 3 נשכנים -  3</ManufacturerItemDescription>
      <UnitQty>יחידה</UnitQty>
      <Quantity>1.00</Quantity>
      <bIsWeighted>0</bIsWeighted>
      <UnitOfMeasure>יחידה</UnitOfMeasure>
      <QtyInPackage>1</QtyInPackage>
      <ItemPrice>34.90</ItemPrice>
      <UnitOfMeasurePrice>34.90</UnitOfMeasurePrice>
      <AllowDiscount>1</AllowDiscount>
      <ItemStatus>1</ItemStatus>
    </Item>
    <Item>
      <PriceUpdateDate>2020-05-22 05:40</PriceUpdateDate>
      <ItemCode>7296073380566</ItemCode>
      <ItemType>1</ItemType>
      <ItemName>סינר סיליקון מעוצב יח'</ItemName>
      <ManufacturerName>כללי</ManufacturerName>
      <ManufactureCountry>CN</ManufactureCountry>
      <ManufacturerItemDescription>סינר סיליקון מעו</ManufacturerItemDescription>
      <UnitQty>יחידה</UnitQty>
      <Quantity>1.00</Quantity>
      <bIsWeighted>0</bIsWeighted>
      <UnitOfMeasure>יחידה</UnitOfMeasure>
      <QtyInPackage>1</QtyInPackage>
      <ItemPrice>49.90</ItemPrice>
      <UnitOfMeasurePrice>49.90</UnitOfMeasurePrice>
      <AllowDiscount>1</AllowDiscount>
      <ItemStatus>1</ItemStatus>
    </Item>
    <Item>
      <PriceUpdateDate>2020-05-22 05:40</PriceUpdateDate>
      <ItemCode>7296073380573</ItemCode>
      <ItemType>1</ItemType>
      <ItemName>סינר מעוצב עם כיס ונשכן</ItemName>
      <ManufacturerName>כללי</ManufacturerName>
      <ManufactureCountry>CN</ManufactureCountry>
      <ManufacturerItemDescription>סינר מעוצב עם כי</ManufacturerItemDescription>
      <UnitQty>יחידה</UnitQty>
      <Quantity>1.00</Quantity>
      <bIsWeighted>0</bIsWeighted>
      <UnitOfMeasure>יחידה</UnitOfMeasure>
      <QtyInPackage>1</QtyInPackage>
      <ItemPrice>24.90</ItemPrice>
      <UnitOfMeasurePrice>24.90</UnitOfMeasurePrice>
      <AllowDiscount>1</AllowDiscount>
      <ItemStatus>1</ItemStatus>
    </Item>
    <Item>
      <PriceUpdateDate>2020-10-10 20:20</PriceUpdateDate>
      <ItemCode>7296073380597</ItemCode>
      <ItemType>1</ItemType>
      <ItemName>ג'ל אלכוהול בננה ומילון</ItemName>
      <ManufacturerName>---</ManufacturerName>
      <ManufactureCountry>IL</ManufactureCountry>
      <ManufacturerItemDescription>ג'ל אלכוהול בננה</ManufacturerItemDescription>
      <UnitQty>מיליליטרים</UnitQty>
      <Quantity>100.00</Quantity>
      <bIsWeighted>0</bIsWeighted>
      <UnitOfMeasure>100 מ"ל</UnitOfMeasure>
      <QtyInPackage>1</QtyInPackage>
      <ItemPrice>8.90</ItemPrice>
      <UnitOfMeasurePrice>8.90</UnitOfMeasurePrice>
      <AllowDiscount>1</AllowDiscount>
      <ItemStatus>1</ItemStatus>
    </Item>
    <Item>
      <PriceUpdateDate>2020-10-10 20:20</PriceUpdateDate>
      <ItemCode>7296073380603</ItemCode>
      <ItemType>1</ItemType>
      <ItemName>ג'ל אלכוהול בניחוח מילון</ItemName>
      <ManufacturerName>ש.שוורץ</ManufacturerName>
      <ManufactureCountry>IL</ManufactureCountry>
      <ManufacturerItemDescription>ג'ל אלכוהול בניח</ManufacturerItemDescription>
      <UnitQty>מיליליטרים</UnitQty>
      <Quantity>100.00</Quantity>
      <bIsWeighted>0</bIsWeighted>
      <UnitOfMeasure>100 מ"ל</UnitOfMeasure>
      <QtyInPackage>1</QtyInPackage>
      <ItemPrice>8.90</ItemPrice>
      <UnitOfMeasurePrice>8.90</UnitOfMeasurePrice>
      <AllowDiscount>1</AllowDiscount>
      <ItemStatus>1</ItemStatus>
    </Item>
    <Item>
      <PriceUpdateDate>2020-10-10 19:40</PriceUpdateDate>
      <ItemCode>7296073380689</ItemCode>
      <ItemType>1</ItemType>
      <ItemName>BE סבון ידיים ג'ונגל3*</ItemName>
      <ManufacturerName>---</ManufacturerName>
      <ManufactureCountry>TR</ManufactureCountry>
      <ManufacturerItemDescription>סבון ידיים ג'ונג</ManufacturerItemDescription>
      <UnitQty>מיליליטרים</UnitQty>
      <Quantity>1500.00</Quantity>
      <bIsWeighted>0</bIsWeighted>
      <UnitOfMeasure>100 מ"ל</UnitOfMeasure>
      <QtyInPackage>1</QtyInPackage>
      <ItemPrice>8.90</ItemPrice>
      <UnitOfMeasurePrice>0.59</UnitOfMeasurePrice>
      <AllowDiscount>1</AllowDiscount>
      <ItemStatus>1</ItemStatus>
    </Item>
    <Item>
      <PriceUpdateDate>2020-07-21 14:09</PriceUpdateDate>
      <ItemCode>7296073380818</ItemCode>
      <ItemType>1</ItemType>
      <ItemName>Be ג'ל רחצה אבוקדו 700 מ</ItemName>
      <ManufacturerName>קוסמטיקס</ManufacturerName>
      <ManufactureCountry>TR</ManufactureCountry>
      <ManufacturerItemDescription>Be ג'ל רחצה</ManufacturerItemDescription>
      <UnitQty>מיליליטרים</UnitQty>
      <Quantity>700.00</Quantity>
      <bIsWeighted>0</bIsWeighted>
      <UnitOfMeasure>100 מ"ל</UnitOfMeasure>
      <QtyInPackage>1</QtyInPackage>
      <ItemPrice>13.90</ItemPrice>
      <UnitOfMeasurePrice>1.99</UnitOfMeasurePrice>
      <AllowDiscount>1</AllowDiscount>
      <ItemStatus>1</ItemStatus>
    </Item>
    <Item>
      <PriceUpdateDate>2020-07-21 14:09</PriceUpdateDate>
      <ItemCode>7296073380825</ItemCode>
      <ItemType>1</ItemType>
      <ItemName>Be ג'ל רחצה מקדמיה 700מ</ItemName>
      <ManufacturerName>קוסמטיקס</ManufacturerName>
      <ManufactureCountry>TR</ManufactureCountry>
      <ManufacturerItemDescription>Be ג'ל רחצה</ManufacturerItemDescription>
      <UnitQty>מיליליטרים</UnitQty>
      <Quantity>700.00</Quantity>
      <bIsWeighted>0</bIsWeighted>
      <UnitOfMeasure>100 מ"ל</UnitOfMeasure>
      <QtyInPackage>1</QtyInPackage>
      <ItemPrice>13.90</ItemPrice>
      <UnitOfMeasurePrice>1.99</UnitOfMeasurePrice>
      <AllowDiscount>1</AllowDiscount>
      <ItemStatus>1</ItemStatus>
    </Item>
    <Item>
      <PriceUpdateDate>2020-10-10 20:20</PriceUpdateDate>
      <ItemCode>7296073380931</ItemCode>
      <ItemType>1</ItemType>
      <ItemName>ג'ל אלכוהול 70%בניחוח ים</ItemName>
      <ManufacturerName>---</ManufacturerName>
      <ManufactureCountry>TR</ManufactureCountry>
      <ManufacturerItemDescription>ג'ל אלכוהול 70%ב</ManufacturerItemDescription>
      <UnitQty>מיליליטרים</UnitQty>
      <Quantity>500.00</Quantity>
      <bIsWeighted>0</bIsWeighted>
      <UnitOfMeasure>100 מ"ל</UnitOfMeasure>
      <QtyInPackage>1</QtyInPackage>
      <ItemPrice>14.90</ItemPrice>
      <UnitOfMeasurePrice>2.98</UnitOfMeasurePrice>
      <AllowDiscount>1</AllowDiscount>
      <ItemStatus>1</ItemStatus>
    </Item>
    <Item>
      <PriceUpdateDate>2020-10-10 20:20</PriceUpdateDate>
      <ItemCode>7296073380948</ItemCode>
      <ItemType>1</ItemType>
      <ItemName>ג'ל אלכוהול 70%בניחוח ים</ItemName>
      <ManufacturerName>---</ManufacturerName>
      <ManufactureCountry>TR</ManufactureCountry>
      <ManufacturerItemDescription>ג'ל אלכוהול 70%ב</ManufacturerItemDescription>
      <UnitQty>מיליליטרים</UnitQty>
      <Quantity>200.00</Quantity>
      <bIsWeighted>0</bIsWeighted>
      <UnitOfMeasure>100 מ"ל</UnitOfMeasure>
      <QtyInPackage>1</QtyInPackage>
      <ItemPrice>9.90</ItemPrice>
      <UnitOfMeasurePrice>4.95</UnitOfMeasurePrice>
      <AllowDiscount>1</AllowDiscount>
      <ItemStatus>1</ItemStatus>
    </Item>
    <Item>
      <PriceUpdateDate>2020-10-11 17:20</PriceUpdateDate>
      <ItemCode>7296073381051</ItemCode>
      <ItemType>1</ItemType>
      <ItemName>מסכת פנים תלת שכבתית5יח</ItemName>
      <ManufacturerName>כללי</ManufacturerName>
      <ManufactureCountry>IL</ManufactureCountry>
      <ManufacturerItemDescription>מסכה תלת שכבתית</ManufacturerItemDescription>
      <UnitQty>יחידה</UnitQty>
      <Quantity>1.00</Quantity>
      <bIsWeighted>0</bIsWeighted>
      <UnitOfMeasure>יחידה</UnitOfMeasure>
      <QtyInPackage>1</QtyInPackage>
      <ItemPrice>6.90</ItemPrice>
      <UnitOfMeasurePrice>6.90</UnitOfMeasurePrice>
      <AllowDiscount>1</AllowDiscount>
      <ItemStatus>1</ItemStatus>
    </Item>
    <Item>
      <PriceUpdateDate>2020-10-14 15:10</PriceUpdateDate>
      <ItemCode>7296073381082</ItemCode>
      <ItemType>1</ItemType>
      <ItemName>מסכת הגנה לפנים 10 יחידו</ItemName>
      <ManufacturerName>כללי</ManufacturerName>
      <ManufactureCountry>IL</ManufactureCountry>
      <ManufacturerItemDescription>מסכה לפנים</ManufacturerItemDescription>
      <UnitQty>יחידה</UnitQty>
      <Quantity>1.00</Quantity>
      <bIsWeighted>0</bIsWeighted>
      <UnitOfMeasure>יחידה</UnitOfMeasure>
      <QtyInPackage>1</QtyInPackage>
      <ItemPrice>9.90</ItemPrice>
      <UnitOfMeasurePrice>9.90</UnitOfMeasurePrice>
      <AllowDiscount>1</AllowDiscount>
      <ItemStatus>1</ItemStatus>
    </Item>
    <Item>
      <PriceUpdateDate>2020-10-11 17:20</PriceUpdateDate>
      <ItemCode>7296073381112</ItemCode>
      <ItemType>1</ItemType>
      <ItemName>מסכת פנים תלת שכבתית3יח</ItemName>
      <ManufacturerName>CO.LTD MATERIAL</ManufacturerName>
      <ManufactureCountry>CN</ManufactureCountry>
      <ManufacturerItemDescription>מסכת פנים תלת שכ</ManufacturerItemDescription>
      <UnitQty>יחידה</UnitQty>
      <Quantity>1.00</Quantity>
      <bIsWeighted>0</bIsWeighted>
      <UnitOfMeasure>יחידה</UnitOfMeasure>
      <QtyInPackage>1</QtyInPackage>
      <ItemPrice>5.00</ItemPrice>
      <UnitOfMeasurePrice>5.00</UnitOfMeasurePrice>
      <AllowDiscount>1</AllowDiscount>
      <ItemStatus>1</ItemStatus>
    </Item>
    <Item>
      <PriceUpdateDate>2020-09-04 05:41</PriceUpdateDate>
      <ItemCode>7296073381167</ItemCode>
      <ItemType>1</ItemType>
      <ItemName>קליפסים חזקים במיוחד זוג</ItemName>
      <ManufacturerName>BE NOW</ManufacturerName>
      <ManufactureCountry>CN</ManufactureCountry>
      <ManufacturerItemDescription>קליפסים חזקים</ManufacturerItemDescription>
      <UnitQty>יחידה</UnitQty>
      <Quantity>1.00</Quantity>
      <bIsWeighted>0</bIsWeighted>
      <UnitOfMeasure>יחידה</UnitOfMeasure>
      <QtyInPackage>1</QtyInPackage>
      <ItemPrice>13.90</ItemPrice>
      <UnitOfMeasurePrice>13.90</UnitOfMeasurePrice>
      <AllowDiscount>1</AllowDiscount>
      <ItemStatus>1</ItemStatus>
    </Item>
    <Item>
      <PriceUpdateDate>2020-05-08 05:39</PriceUpdateDate>
      <ItemCode>7296073388531</ItemCode>
      <ItemType>1</ItemType>
      <ItemName>ביצי הפתעה 20*3ג LOL</ItemName>
      <ManufacturerName>---</ManufacturerName>
      <ManufactureCountry>IT</ManufactureCountry>
      <ManufacturerItemDescription>ביצי הפתעה LOL</ManufacturerItemDescription>
      <UnitQty>גרמים</UnitQty>
      <Quantity>60.00</Quantity>
      <bIsWeighted>0</bIsWeighted>
      <UnitOfMeasure>100 גרם</UnitOfMeasure>
      <QtyInPackage>1</QtyInPackage>
      <ItemPrice>13.90</ItemPrice>
      <UnitOfMeasurePrice>23.17</UnitOfMeasurePrice>
      <AllowDiscount>1</AllowDiscount>
      <ItemStatus>1</ItemStatus>
    </Item>
    <Item>
      <PriceUpdateDate>2020-10-10 19:40</PriceUpdateDate>
      <ItemCode>7296073389910</ItemCode>
      <ItemType>1</ItemType>
      <ItemName>מגבונים לחים פרוזן64*4יח</ItemName>
      <ManufacturerName>---</ManufacturerName>
      <ManufactureCountry>IL</ManufactureCountry>
      <ManufacturerItemDescription>מגבונים לחים 4יח</ManufacturerItemDescription>
      <UnitQty>יחידה</UnitQty>
      <Quantity>1.00</Quantity>
      <bIsWeighted>0</bIsWeighted>
      <UnitOfMeasure>יחידה</UnitOfMeasure>
      <QtyInPackage>1</QtyInPackage>
      <ItemPrice>14.90</ItemPrice>
      <UnitOfMeasurePrice>14.90</UnitOfMeasurePrice>
      <AllowDiscount>1</AllowDiscount>
      <ItemStatus>1</ItemStatus>
    </Item>
    <Item>
      <PriceUpdateDate>2020-05-03 09:58</PriceUpdateDate>
      <ItemCode>7296073391654</ItemCode>
      <ItemType>1</ItemType>
      <ItemName>מגבונים לחיטוי וניקוי50י</ItemName>
      <ManufacturerName>טרופיקל</ManufacturerName>
      <ManufactureCountry>IL</ManufactureCountry>
      <ManufacturerItemDescription>מגבונים לניקוי</ManufacturerItemDescription>
      <UnitQty>יחידה</UnitQty>
      <Quantity>1.00</Quantity>
      <bIsWeighted>0</bIsWeighted>
      <UnitOfMeasure>יחידה</UnitOfMeasure>
      <QtyInPackage>1</QtyInPackage>
      <ItemPrice>12.90</ItemPrice>
      <UnitOfMeasurePrice>12.90</UnitOfMeasurePrice>
      <AllowDiscount>1</AllowDiscount>
      <ItemStatus>1</ItemStatus>
    </Item>
    <Item>
      <PriceUpdateDate>2020-09-18 05:39</PriceUpdateDate>
      <ItemCode>7296073399599</ItemCode>
      <ItemType>1</ItemType>
      <ItemName>סב.נוזלי קוביה סגלגל500</ItemName>
      <ManufacturerName>שופרסל</ManufacturerName>
      <ManufactureCountry>TR</ManufactureCountry>
      <ManufacturerItemDescription>סבון נוזלי</ManufacturerItemDescription>
      <UnitQty>מיליליטרים</UnitQty>
      <Quantity>500.00</Quantity>
      <bIsWeighted>0</bIsWeighted>
      <UnitOfMeasure>100 מ"ל</UnitOfMeasure>
      <QtyInPackage>1</QtyInPackage>
      <ItemPrice>9.90</ItemPrice>
      <UnitOfMeasurePrice>1.98</UnitOfMeasurePrice>
      <AllowDiscount>1</AllowDiscount>
      <ItemStatus>1</ItemStatus>
    </Item>
    <Item>
      <PriceUpdateDate>2020-07-03 05:42</PriceUpdateDate>
      <ItemCode>7296073407263</ItemCode>
      <ItemType>1</ItemType>
      <ItemName>נוזל רצפה נ.מרכך99% חיטו</ItemName>
      <ManufacturerName>---</ManufacturerName>
      <ManufactureCountry>IL</ManufactureCountry>
      <ManufacturerItemDescription>נוזל רצפות נ.מרכ</ManufacturerItemDescription>
      <UnitQty>ליטרים</UnitQty>
      <Quantity>2.00</Quantity>
      <bIsWeighted>0</bIsWeighted>
      <UnitOfMeasure>ליטר</UnitOfMeasure>
      <QtyInPackage>1</QtyInPackage>
      <ItemPrice>19.90</ItemPrice>
      <UnitOfMeasurePrice>9.95</UnitOfMeasurePrice>
      <AllowDiscount>1</AllowDiscount>
      <ItemStatus>1</ItemStatus>
    </Item>
    <Item>
      <PriceUpdateDate>2020-07-31 05:41</PriceUpdateDate>
      <ItemCode>7296073411239</ItemCode>
      <ItemType>1</ItemType>
      <ItemName>מרכך כביסה מרוכז מאסק1ל</ItemName>
      <ManufacturerName>---</ManufacturerName>
      <ManufactureCountry>IL</ManufactureCountry>
      <ManufacturerItemDescription>מרכך כביסה מרוכז</ManufacturerItemDescription>
      <UnitQty>ליטרים</UnitQty>
      <Quantity>1.00</Quantity>
      <bIsWeighted>0</bIsWeighted>
      <UnitOfMeasure>ליטר</UnitOfMeasure>
      <QtyInPackage>1</QtyInPackage>
      <ItemPrice>14.90</ItemPrice>
      <UnitOfMeasurePrice>14.90</UnitOfMeasurePrice>
      <AllowDiscount>1</AllowDiscount>
      <ItemStatus>1</ItemStatus>
    </Item>
    <Item>
      <PriceUpdateDate>2020-05-06 16:13</PriceUpdateDate>
      <ItemCode>7296168015205</ItemCode>
      <ItemType>1</ItemType>
      <ItemName>סינר חד פעמי 30יח</ItemName>
      <ManufacturerName>איתן</ManufacturerName>
      <ManufactureCountry>IL</ManufactureCountry>
      <ManufacturerItemDescription>סינר חד פעמי</ManufacturerItemDescription>
      <UnitQty>יחידה</UnitQty>
      <Quantity>1.00</Quantity>
      <bIsWeighted>0</bIsWeighted>
      <UnitOfMeasure>יחידה</UnitOfMeasure>
      <QtyInPackage>0</QtyInPackage>
      <ItemPrice>31.90</ItemPrice>
      <UnitOfMeasurePrice>31.90</UnitOfMeasurePrice>
      <AllowDiscount>1</AllowDiscount>
      <ItemStatus>1</ItemStatus>
    </Item>
    <Item>
      <PriceUpdateDate>2020-01-20 00:14</PriceUpdateDate>
      <ItemCode>7296168070518</ItemCode>
      <ItemType>1</ItemType>
      <ItemName>קיסם מברשת לשיניים 100יח</ItemName>
      <ManufacturerName>איתן כללי</ManufacturerName>
      <ManufactureCountry>IL</ManufactureCountry>
      <ManufacturerItemDescription>קיסם מברשת לשיני</ManufacturerItemDescription>
      <UnitQty>יחידה</UnitQty>
      <Quantity>1.00</Quantity>
      <bIsWeighted>0</bIsWeighted>
      <UnitOfMeasure>יחידה</UnitOfMeasure>
      <QtyInPackage>0</QtyInPackage>
      <ItemPrice>12.90</ItemPrice>
      <UnitOfMeasurePrice>12.90</UnitOfMeasurePrice>
      <AllowDiscount>1</AllowDiscount>
      <ItemStatus>1</ItemStatus>
    </Item>
    <Item>
      <PriceUpdateDate>2020-01-20 00:21</PriceUpdateDate>
      <ItemCode>7296168089077</ItemCode>
      <ItemType>1</ItemType>
      <ItemName>אצבעון לצחצוח שניים יח'</ItemName>
      <ManufacturerName>סוויטי</ManufacturerName>
      <ManufactureCountry>CN</ManufactureCountry>
      <ManufacturerItemDescription>אצבעון לצחצוח שנ</ManufacturerItemDescription>
      <UnitQty>יחידה</UnitQty>
      <Quantity>1.00</Quantity>
      <bIsWeighted>0</bIsWeighted>
      <UnitOfMeasure>יחידה</UnitOfMeasure>
      <QtyInPackage>1</QtyInPackage>
      <ItemPrice>11.90</ItemPrice>
      <UnitOfMeasurePrice>11.90</UnitOfMeasurePrice>
      <AllowDiscount>1</AllowDiscount>
      <ItemStatus>1</ItemStatus>
    </Item>
    <Item>
      <PriceUpdateDate>2020-05-06 16:13</PriceUpdateDate>
      <ItemCode>7296168120558</ItemCode>
      <ItemType>1</ItemType>
      <ItemName>רצועת מסאג' איכותית</ItemName>
      <ManufacturerName>איתן כללי</ManufacturerName>
      <ManufactureCountry>IL</ManufactureCountry>
      <ManufacturerItemDescription>רצועת מסאג' איכו</ManufacturerItemDescription>
      <UnitQty>יחידה</UnitQty>
      <Quantity>1.00</Quantity>
      <bIsWeighted>0</bIsWeighted>
      <UnitOfMeasure>יחידה</UnitOfMeasure>
      <QtyInPackage>0</QtyInPackage>
      <ItemPrice>32.90</ItemPrice>
      <UnitOfMeasurePrice>32.90</UnitOfMeasurePrice>
      <AllowDiscount>1</AllowDiscount>
      <ItemStatus>1</ItemStatus>
    </Item>
    <Item>
      <PriceUpdateDate>2020-01-20 00:14</PriceUpdateDate>
      <ItemCode>7296179006933</ItemCode>
      <ItemType>1</ItemType>
      <ItemName>לק צבע מט 931 יחידה</ItemName>
      <ManufacturerName>שיק לקים</ManufacturerName>
      <ManufactureCountry>IL</ManufactureCountry>
      <ManufacturerItemDescription>לק צבע מט 931</ManufacturerItemDescription>
      <UnitQty>יחידה</UnitQty>
      <Quantity>1.00</Quantity>
      <bIsWeighted>0</bIsWeighted>
      <UnitOfMeasure>יחידה</UnitOfMeasure>
      <QtyInPackage>0</QtyInPackage>
      <ItemPrice>16.90</ItemPrice>
      <UnitOfMeasurePrice>16.90</UnitOfMeasurePrice>
      <AllowDiscount>1</AllowDiscount>
      <ItemStatus>1</ItemStatus>
    </Item>
    <Item>
      <PriceUpdateDate>2020-01-20 00:14</PriceUpdateDate>
      <ItemCode>7296179007398</ItemCode>
      <ItemType>1</ItemType>
      <ItemName>שיק.מסיר לק אלוורה</ItemName>
      <ManufacturerName>שיק לקים</ManufacturerName>
      <ManufactureCountry>IL</ManufactureCountry>
      <ManufacturerItemDescription>שיק.מסיר לק אלוו</ManufacturerItemDescription>
      <UnitQty>יחידה</UnitQty>
      <Quantity>1.00</Quantity>
      <bIsWeighted>0</bIsWeighted>
      <UnitOfMeasure>יחידה</UnitOfMeasure>
      <QtyInPackage>0</QtyInPackage>
      <ItemPrice>14.90</ItemPrice>
      <UnitOfMeasurePrice>14.90</UnitOfMeasurePrice>
      <AllowDiscount>1</AllowDiscount>
      <ItemStatus>1</ItemStatus>
    </Item>
    <Item>
      <PriceUpdateDate>2020-01-20 00:14</PriceUpdateDate>
      <ItemCode>7296179007411</ItemCode>
      <ItemType>1</ItemType>
      <ItemName>שיק.מסיר לק ללא אצטון</ItemName>
      <ManufacturerName>שיק לקים</ManufacturerName>
      <ManufactureCountry>IL</ManufactureCountry>
      <ManufacturerItemDescription>שיק.מסיר לק ללא</ManufacturerItemDescription>
      <UnitQty>יחידה</UnitQty>
      <Quantity>1.00</Quantity>
      <bIsWeighted>0</bIsWeighted>
      <UnitOfMeasure>יחידה</UnitOfMeasure>
      <QtyInPackage>0</QtyInPackage>
      <ItemPrice>14.90</ItemPrice>
      <UnitOfMeasurePrice>14.90</UnitOfMeasurePrice>
      <AllowDiscount>1</AllowDiscount>
      <ItemStatus>1</ItemStatus>
    </Item>
    <Item>
      <PriceUpdateDate>2020-10-10 20:20</PriceUpdateDate>
      <ItemCode>7296179008036</ItemCode>
      <ItemType>1</ItemType>
      <ItemName>שיק לק עמיד 456</ItemName>
      <ManufacturerName>שיק לקים</ManufacturerName>
      <ManufactureCountry />
      <ManufacturerItemDescription>שיק לק עמיד</ManufacturerItemDescription>
      <UnitQty>יחידה</UnitQty>
      <Quantity>1.00</Quantity>
      <bIsWeighted>0</bIsWeighted>
      <UnitOfMeasure>יחידה</UnitOfMeasure>
      <QtyInPackage>0</QtyInPackage>
      <ItemPrice>10.00</ItemPrice>
      <UnitOfMeasurePrice>10.00</UnitOfMeasurePrice>
      <AllowDiscount>1</AllowDiscount>
      <ItemStatus>1</ItemStatus>
    </Item>
    <Item>
      <PriceUpdateDate>2020-10-10 20:20</PriceUpdateDate>
      <ItemCode>7296179008043</ItemCode>
      <ItemType>1</ItemType>
      <ItemName>שיק לק עמיד 485</ItemName>
      <ManufacturerName>שיק לקים</ManufacturerName>
      <ManufactureCountry />
      <ManufacturerItemDescription>שיק לק עמיד</ManufacturerItemDescription>
      <UnitQty>יחידה</UnitQty>
      <Quantity>1.00</Quantity>
      <bIsWeighted>0</bIsWeighted>
      <UnitOfMeasure>יחידה</UnitOfMeasure>
      <QtyInPackage>0</QtyInPackage>
      <ItemPrice>10.00</ItemPrice>
      <UnitOfMeasurePrice>10.00</UnitOfMeasurePrice>
      <AllowDiscount>1</AllowDiscount>
      <ItemStatus>1</ItemStatus>
    </Item>
    <Item>
      <PriceUpdateDate>2020-10-10 20:20</PriceUpdateDate>
      <ItemCode>7296179008050</ItemCode>
      <ItemType>1</ItemType>
      <ItemName>שיק לק עמיד 409</ItemName>
      <ManufacturerName>שיק לקים</ManufacturerName>
      <ManufactureCountry />
      <ManufacturerItemDescription>שיק לק עמיד</ManufacturerItemDescription>
      <UnitQty>יחידה</UnitQty>
      <Quantity>1.00</Quantity>
      <bIsWeighted>0</bIsWeighted>
      <UnitOfMeasure>יחידה</UnitOfMeasure>
      <QtyInPackage>0</QtyInPackage>
      <ItemPrice>10.00</ItemPrice>
      <UnitOfMeasurePrice>10.00</UnitOfMeasurePrice>
      <AllowDiscount>1</AllowDiscount>
      <ItemStatus>1</ItemStatus>
    </Item>
    <Item>
      <PriceUpdateDate>2020-01-20 00:14</PriceUpdateDate>
      <ItemCode>7296179008241</ItemCode>
      <ItemType>1</ItemType>
      <ItemName>שיק.טופ קוט למראה ג'ל</ItemName>
      <ManufacturerName>שיק לקים</ManufacturerName>
      <ManufactureCountry>IL</ManufactureCountry>
      <ManufacturerItemDescription>שיק.טופ קוט למרא</ManufacturerItemDescription>
      <UnitQty>יחידה</UnitQty>
      <Quantity>1.00</Quantity>
      <bIsWeighted>0</bIsWeighted>
      <UnitOfMeasure>יחידה</UnitOfMeasure>
      <QtyInPackage>0</QtyInPackage>
      <ItemPrice>29.90</ItemPrice>
      <UnitOfMeasurePrice>29.90</UnitOfMeasurePrice>
      <AllowDiscount>1</AllowDiscount>
      <ItemStatus>1</ItemStatus>
    </Item>
    <Item>
      <PriceUpdateDate>2020-10-10 20:20</PriceUpdateDate>
      <ItemCode>7296179010213</ItemCode>
      <ItemType>1</ItemType>
      <ItemName>שיק לק עמיד 022</ItemName>
      <ManufacturerName>שיק לקים</ManufacturerName>
      <ManufactureCountry>IL</ManufactureCountry>
      <ManufacturerItemDescription>שיק לק עמיד</ManufacturerItemDescription>
      <UnitQty>יחידה</UnitQty>
      <Quantity>1.00</Quantity>
      <bIsWeighted>0</bIsWeighted>
      <UnitOfMeasure>יחידה</UnitOfMeasure>
      <QtyInPackage>0</QtyInPackage>
      <ItemPrice>10.00</ItemPrice>
      <UnitOfMeasurePrice>10.00</UnitOfMeasurePrice>
      <AllowDiscount>1</AllowDiscount>
      <ItemStatus>1</ItemStatus>
    </Item>
    <Item>
      <PriceUpdateDate>2020-10-10 20:20</PriceUpdateDate>
      <ItemCode>7296179010305</ItemCode>
      <ItemType>1</ItemType>
      <ItemName>שיק לק עמיד 031</ItemName>
      <ManufacturerName>שיק לקים</ManufacturerName>
      <ManufactureCountry>IL</ManufactureCountry>
      <ManufacturerItemDescription>שיק לק עמיד</ManufacturerItemDescription>
      <UnitQty>יחידה</UnitQty>
      <Quantity>1.00</Quantity>
      <bIsWeighted>0</bIsWeighted>
      <UnitOfMeasure>יחידה</UnitOfMeasure>
      <QtyInPackage>0</QtyInPackage>
      <ItemPrice>10.00</ItemPrice>
      <UnitOfMeasurePrice>10.00</UnitOfMeasurePrice>
      <AllowDiscount>1</AllowDiscount>
      <ItemStatus>1</ItemStatus>
    </Item>
    <Item>
      <PriceUpdateDate>2020-10-10 20:20</PriceUpdateDate>
      <ItemCode>7296179010312</ItemCode>
      <ItemType>1</ItemType>
      <ItemName>שיק לק עמיד 032</ItemName>
      <ManufacturerName>שיק לקים</ManufacturerName>
      <ManufactureCountry>IL</ManufactureCountry>
      <ManufacturerItemDescription>שיק לק עמיד</ManufacturerItemDescription>
      <UnitQty>יחידה</UnitQty>
      <Quantity>1.00</Quantity>
      <bIsWeighted>0</bIsWeighted>
      <UnitOfMeasure>יחידה</UnitOfMeasure>
      <QtyInPackage>0</QtyInPackage>
      <ItemPrice>10.00</ItemPrice>
      <UnitOfMeasurePrice>10.00</UnitOfMeasurePrice>
      <AllowDiscount>1</AllowDiscount>
      <ItemStatus>1</ItemStatus>
    </Item>
    <Item>
      <PriceUpdateDate>2020-10-10 20:20</PriceUpdateDate>
      <ItemCode>7296179010701</ItemCode>
      <ItemType>1</ItemType>
      <ItemName>שיק לק עמיד 071</ItemName>
      <ManufacturerName>שיק לקים</ManufacturerName>
      <ManufactureCountry>IL</ManufactureCountry>
      <ManufacturerItemDescription>שיק לק עמיד</ManufacturerItemDescription>
      <UnitQty>יחידה</UnitQty>
      <Quantity>1.00</Quantity>
      <bIsWeighted>0</bIsWeighted>
      <UnitOfMeasure>יחידה</UnitOfMeasure>
      <QtyInPackage>0</QtyInPackage>
      <ItemPrice>10.00</ItemPrice>
      <UnitOfMeasurePrice>10.00</UnitOfMeasurePrice>
      <AllowDiscount>1</AllowDiscount>
      <ItemStatus>1</ItemStatus>
    </Item>
    <Item>
      <PriceUpdateDate>2020-10-10 20:20</PriceUpdateDate>
      <ItemCode>7296179011104</ItemCode>
      <ItemType>1</ItemType>
      <ItemName>שיק לק עמיד 218</ItemName>
      <ManufacturerName>שיק לקים</ManufacturerName>
      <ManufactureCountry />
      <ManufacturerItemDescription>שיק לק עמיד</ManufacturerItemDescription>
      <UnitQty>יחידה</UnitQty>
      <Quantity>1.00</Quantity>
      <bIsWeighted>0</bIsWeighted>
      <UnitOfMeasure>יחידה</UnitOfMeasure>
      <QtyInPackage>0</QtyInPackage>
      <ItemPrice>10.00</ItemPrice>
      <UnitOfMeasurePrice>10.00</UnitOfMeasurePrice>
      <AllowDiscount>1</AllowDiscount>
      <ItemStatus>1</ItemStatus>
    </Item>
    <Item>
      <PriceUpdateDate>2020-10-10 20:20</PriceUpdateDate>
      <ItemCode>7296179011142</ItemCode>
      <ItemType>1</ItemType>
      <ItemName>שיק לק עמיד 237</ItemName>
      <ManufacturerName>שיק לקים</ManufacturerName>
      <ManufactureCountry />
      <ManufacturerItemDescription>שיק לק עמיד</ManufacturerItemDescription>
      <UnitQty>יחידה</UnitQty>
      <Quantity>1.00</Quantity>
      <bIsWeighted>0</bIsWeighted>
      <UnitOfMeasure>יחידה</UnitOfMeasure>
      <QtyInPackage>0</QtyInPackage>
      <ItemPrice>10.00</ItemPrice>
      <UnitOfMeasurePrice>10.00</UnitOfMeasurePrice>
      <AllowDiscount>1</AllowDiscount>
      <ItemStatus>1</ItemStatus>
    </Item>
    <Item>
      <PriceUpdateDate>2020-10-10 20:20</PriceUpdateDate>
      <ItemCode>7296179011203</ItemCode>
      <ItemType>1</ItemType>
      <ItemName>שיק לק עמיד 265</ItemName>
      <ManufacturerName>שיק לקים</ManufacturerName>
      <ManufactureCountry />
      <ManufacturerItemDescription>שיק לק עמיד</ManufacturerItemDescription>
      <UnitQty>יחידה</UnitQty>
      <Quantity>1.00</Quantity>
      <bIsWeighted>0</bIsWeighted>
      <UnitOfMeasure>יחידה</UnitOfMeasure>
      <QtyInPackage>0</QtyInPackage>
      <ItemPrice>10.00</ItemPrice>
      <UnitOfMeasurePrice>10.00</UnitOfMeasurePrice>
      <AllowDiscount>1</AllowDiscount>
      <ItemStatus>1</ItemStatus>
    </Item>
    <Item>
      <PriceUpdateDate>2020-10-10 20:20</PriceUpdateDate>
      <ItemCode>7296179011234</ItemCode>
      <ItemType>1</ItemType>
      <ItemName>שיק לק עמיד 279</ItemName>
      <ManufacturerName>שיק לקים</ManufacturerName>
      <ManufactureCountry />
      <ManufacturerItemDescription>שיק לק עמיד</ManufacturerItemDescription>
      <UnitQty>יחידה</UnitQty>
      <Quantity>1.00</Quantity>
      <bIsWeighted>0</bIsWeighted>
      <UnitOfMeasure>יחידה</UnitOfMeasure>
      <QtyInPackage>0</QtyInPackage>
      <ItemPrice>10.00</ItemPrice>
      <UnitOfMeasurePrice>10.00</UnitOfMeasurePrice>
      <AllowDiscount>1</AllowDiscount>
      <ItemStatus>1</ItemStatus>
    </Item>
    <Item>
      <PriceUpdateDate>2020-10-10 20:20</PriceUpdateDate>
      <ItemCode>7296179011272</ItemCode>
      <ItemType>1</ItemType>
      <ItemName>שיק לק עמיד 230</ItemName>
      <ManufacturerName>שיק לקים</ManufacturerName>
      <ManufactureCountry>IL</ManufactureCountry>
      <ManufacturerItemDescription>שיק לק עמיד</ManufacturerItemDescription>
      <UnitQty>יחידה</UnitQty>
      <Quantity>1.00</Quantity>
      <bIsWeighted>0</bIsWeighted>
      <UnitOfMeasure>יחידה</UnitOfMeasure>
      <QtyInPackage>0</QtyInPackage>
      <ItemPrice>10.00</ItemPrice>
      <UnitOfMeasurePrice>10.00</UnitOfMeasurePrice>
      <AllowDiscount>1</AllowDiscount>
      <ItemStatus>1</ItemStatus>
    </Item>
    <Item>
      <PriceUpdateDate>2020-10-10 20:20</PriceUpdateDate>
      <ItemCode>7296179011470</ItemCode>
      <ItemType>1</ItemType>
      <ItemName>שיק לק עמיד 116</ItemName>
      <ManufacturerName>שיק לקים</ManufacturerName>
      <ManufactureCountry>IL</ManufactureCountry>
      <ManufacturerItemDescription>שיק לק עמיד</ManufacturerItemDescription>
      <UnitQty>יחידה</UnitQty>
      <Quantity>1.00</Quantity>
      <bIsWeighted>0</bIsWeighted>
      <UnitOfMeasure>יחידה</UnitOfMeasure>
      <QtyInPackage>0</QtyInPackage>
      <ItemPrice>10.00</ItemPrice>
      <UnitOfMeasurePrice>10.00</UnitOfMeasurePrice>
      <AllowDiscount>1</AllowDiscount>
      <ItemStatus>1</ItemStatus>
    </Item>
    <Item>
      <PriceUpdateDate>2020-10-10 20:20</PriceUpdateDate>
      <ItemCode>7296179011494</ItemCode>
      <ItemType>1</ItemType>
      <ItemName>שיק לק עמיד 118</ItemName>
      <ManufacturerName>שיק לקים</ManufacturerName>
      <ManufactureCountry>IL</ManufactureCountry>
      <ManufacturerItemDescription>שיק לק עמיד</ManufacturerItemDescription>
      <UnitQty>יחידה</UnitQty>
      <Quantity>1.00</Quantity>
      <bIsWeighted>0</bIsWeighted>
      <UnitOfMeasure>יחידה</UnitOfMeasure>
      <QtyInPackage>0</QtyInPackage>
      <ItemPrice>10.00</ItemPrice>
      <UnitOfMeasurePrice>10.00</UnitOfMeasurePrice>
      <AllowDiscount>1</AllowDiscount>
      <ItemStatus>1</ItemStatus>
    </Item>
    <Item>
      <PriceUpdateDate>2020-10-10 20:20</PriceUpdateDate>
      <ItemCode>7296179011524</ItemCode>
      <ItemType>1</ItemType>
      <ItemName>שיק לק עמיד 201</ItemName>
      <ManufacturerName>שיק לקים</ManufacturerName>
      <ManufactureCountry>IL</ManufactureCountry>
      <ManufacturerItemDescription>שיק לק עמיד</ManufacturerItemDescription>
      <UnitQty>יחידה</UnitQty>
      <Quantity>1.00</Quantity>
      <bIsWeighted>0</bIsWeighted>
      <UnitOfMeasure>יחידה</UnitOfMeasure>
      <QtyInPackage>0</QtyInPackage>
      <ItemPrice>10.00</ItemPrice>
      <UnitOfMeasurePrice>10.00</UnitOfMeasurePrice>
      <AllowDiscount>1</AllowDiscount>
      <ItemStatus>1</ItemStatus>
    </Item>
    <Item>
      <PriceUpdateDate>2020-10-10 20:20</PriceUpdateDate>
      <ItemCode>7296179011715</ItemCode>
      <ItemType>1</ItemType>
      <ItemName>שיק לק עמיד 214</ItemName>
      <ManufacturerName>שיק לקים</ManufacturerName>
      <ManufactureCountry>IL</ManufactureCountry>
      <ManufacturerItemDescription>שיק לק עמיד</ManufacturerItemDescription>
      <UnitQty>יחידה</UnitQty>
      <Quantity>1.00</Quantity>
      <bIsWeighted>0</bIsWeighted>
      <UnitOfMeasure>יחידה</UnitOfMeasure>
      <QtyInPackage>0</QtyInPackage>
      <ItemPrice>10.00</ItemPrice>
      <UnitOfMeasurePrice>10.00</UnitOfMeasurePrice>
      <AllowDiscount>1</AllowDiscount>
      <ItemStatus>1</ItemStatus>
    </Item>
    <Item>
      <PriceUpdateDate>2020-01-20 00:14</PriceUpdateDate>
      <ItemCode>7296179011784</ItemCode>
      <ItemType>1</ItemType>
      <ItemName>לכה טופ מאט</ItemName>
      <ManufacturerName>שיק לקים</ManufacturerName>
      <ManufactureCountry>IL</ManufactureCountry>
      <ManufacturerItemDescription>לכה טופ מאט</ManufacturerItemDescription>
      <UnitQty>יחידה</UnitQty>
      <Quantity>1.00</Quantity>
      <bIsWeighted>0</bIsWeighted>
      <UnitOfMeasure>יחידה</UnitOfMeasure>
      <QtyInPackage>0</QtyInPackage>
      <ItemPrice>19.90</ItemPrice>
      <UnitOfMeasurePrice>19.90</UnitOfMeasurePrice>
      <AllowDiscount>1</AllowDiscount>
      <ItemStatus>1</ItemStatus>
    </Item>
    <Item>
      <PriceUpdateDate>2020-01-20 00:14</PriceUpdateDate>
      <ItemCode>7296179011791</ItemCode>
      <ItemType>1</ItemType>
      <ItemName>מחזק לק סגול יח</ItemName>
      <ManufacturerName>שיק לקים</ManufacturerName>
      <ManufactureCountry>IL</ManufactureCountry>
      <ManufacturerItemDescription>מחזק לק סגול</ManufacturerItemDescription>
      <UnitQty>יחידה</UnitQty>
      <Quantity>1.00</Quantity>
      <bIsWeighted>0</bIsWeighted>
      <UnitOfMeasure>יחידה</UnitOfMeasure>
      <QtyInPackage>0</QtyInPackage>
      <ItemPrice>29.90</ItemPrice>
      <UnitOfMeasurePrice>29.90</UnitOfMeasurePrice>
      <AllowDiscount>1</AllowDiscount>
      <ItemStatus>1</ItemStatus>
    </Item>
    <Item>
      <PriceUpdateDate>2020-10-10 20:20</PriceUpdateDate>
      <ItemCode>7296179012064</ItemCode>
      <ItemType>1</ItemType>
      <ItemName>שיק לק עמיד 251</ItemName>
      <ManufacturerName>שיק לקים</ManufacturerName>
      <ManufactureCountry />
      <ManufacturerItemDescription>שיק לק עמיד</ManufacturerItemDescription>
      <UnitQty>יחידה</UnitQty>
      <Quantity>1.00</Quantity>
      <bIsWeighted>0</bIsWeighted>
      <UnitOfMeasure>יחידה</UnitOfMeasure>
      <QtyInPackage>0</QtyInPackage>
      <ItemPrice>10.00</ItemPrice>
      <UnitOfMeasurePrice>10.00</UnitOfMeasurePrice>
      <AllowDiscount>1</AllowDiscount>
      <ItemStatus>1</ItemStatus>
    </Item>
    <Item>
      <PriceUpdateDate>2020-10-10 20:20</PriceUpdateDate>
      <ItemCode>7296179012248</ItemCode>
      <ItemType>1</ItemType>
      <ItemName>שיק לק עמיד 435</ItemName>
      <ManufacturerName>שיק לקים</ManufacturerName>
      <ManufactureCountry />
      <ManufacturerItemDescription>שיק לק עמיד</ManufacturerItemDescription>
      <UnitQty>יחידה</UnitQty>
      <Quantity>1.00</Quantity>
      <bIsWeighted>0</bIsWeighted>
      <UnitOfMeasure>יחידה</UnitOfMeasure>
      <QtyInPackage>0</QtyInPackage>
      <ItemPrice>10.00</ItemPrice>
      <UnitOfMeasurePrice>10.00</UnitOfMeasurePrice>
      <AllowDiscount>1</AllowDiscount>
      <ItemStatus>1</ItemStatus>
    </Item>
    <Item>
      <PriceUpdateDate>2020-10-10 20:20</PriceUpdateDate>
      <ItemCode>7296179012699</ItemCode>
      <ItemType>1</ItemType>
      <ItemName>שיק לק עמיד 420</ItemName>
      <ManufacturerName>שיק לקים</ManufacturerName>
      <ManufactureCountry />
      <ManufacturerItemDescription>שיק לק עמיד</ManufacturerItemDescription>
      <UnitQty>יחידה</UnitQty>
      <Quantity>1.00</Quantity>
      <bIsWeighted>0</bIsWeighted>
      <UnitOfMeasure>יחידה</UnitOfMeasure>
      <QtyInPackage>0</QtyInPackage>
      <ItemPrice>10.00</ItemPrice>
      <UnitOfMeasurePrice>10.00</UnitOfMeasurePrice>
      <AllowDiscount>1</AllowDiscount>
      <ItemStatus>1</ItemStatus>
    </Item>
    <Item>
      <PriceUpdateDate>2020-10-10 20:20</PriceUpdateDate>
      <ItemCode>7296179012705</ItemCode>
      <ItemType>1</ItemType>
      <ItemName>שיק לק עמיד 488</ItemName>
      <ManufacturerName>שיק לקים</ManufacturerName>
      <ManufactureCountry />
      <ManufacturerItemDescription>שיק לק עמיד</ManufacturerItemDescription>
      <UnitQty>יחידה</UnitQty>
      <Quantity>1.00</Quantity>
      <bIsWeighted>0</bIsWeighted>
      <UnitOfMeasure>יחידה</UnitOfMeasure>
      <QtyInPackage>0</QtyInPackage>
      <ItemPrice>10.00</ItemPrice>
      <UnitOfMeasurePrice>10.00</UnitOfMeasurePrice>
      <AllowDiscount>1</AllowDiscount>
      <ItemStatus>1</ItemStatus>
    </Item>
    <Item>
      <PriceUpdateDate>2020-10-10 20:20</PriceUpdateDate>
      <ItemCode>7296179021011</ItemCode>
      <ItemType>1</ItemType>
      <ItemName>שיק.לק 17</ItemName>
      <ManufacturerName>שיק לקים</ManufacturerName>
      <ManufactureCountry>IL</ManufactureCountry>
      <ManufacturerItemDescription>שיק.לק 17</ManufacturerItemDescription>
      <UnitQty>יחידה</UnitQty>
      <Quantity>1.00</Quantity>
      <bIsWeighted>0</bIsWeighted>
      <UnitOfMeasure>יחידה</UnitOfMeasure>
      <QtyInPackage>0</QtyInPackage>
      <ItemPrice>10.00</ItemPrice>
      <UnitOfMeasurePrice>10.00</UnitOfMeasurePrice>
      <AllowDiscount>1</AllowDiscount>
      <ItemStatus>1</ItemStatus>
    </Item>
    <Item>
      <PriceUpdateDate>2020-10-10 20:20</PriceUpdateDate>
      <ItemCode>7296179021288</ItemCode>
      <ItemType>1</ItemType>
      <ItemName>לק 804</ItemName>
      <ManufacturerName>שיק לקים</ManufacturerName>
      <ManufactureCountry>IL</ManufactureCountry>
      <ManufacturerItemDescription>לק 804</ManufacturerItemDescription>
      <UnitQty>יחידה</UnitQty>
      <Quantity>1.00</Quantity>
      <bIsWeighted>0</bIsWeighted>
      <UnitOfMeasure>יחידה</UnitOfMeasure>
      <QtyInPackage>0</QtyInPackage>
      <ItemPrice>10.00</ItemPrice>
      <UnitOfMeasurePrice>10.00</UnitOfMeasurePrice>
      <AllowDiscount>1</AllowDiscount>
      <ItemStatus>1</ItemStatus>
    </Item>
    <Item>
      <PriceUpdateDate>2020-10-10 21:00</PriceUpdateDate>
      <ItemCode>7296179021677</ItemCode>
      <ItemType>1</ItemType>
      <ItemName>חמאת גוף 300 מל WHIT MN</ItemName>
      <ManufacturerName>חלאבין</ManufacturerName>
      <ManufactureCountry>IL</ManufactureCountry>
      <ManufacturerItemDescription>חמאת גוף 300 מל</ManufacturerItemDescription>
      <UnitQty>מיליליטרים</UnitQty>
      <Quantity>300.00</Quantity>
      <bIsWeighted>0</bIsWeighted>
      <UnitOfMeasure>100 מ"ל</UnitOfMeasure>
      <QtyInPackage>0</QtyInPackage>
      <ItemPrice>25.90</ItemPrice>
      <UnitOfMeasurePrice>8.63</UnitOfMeasurePrice>
      <AllowDiscount>1</AllowDiscount>
      <ItemStatus>1</ItemStatus>
    </Item>
    <Item>
      <PriceUpdateDate>2020-01-20 00:14</PriceUpdateDate>
      <ItemCode>7296179024579</ItemCode>
      <ItemType>1</ItemType>
      <ItemName>מסיר לק לימון  יח'</ItemName>
      <ManufacturerName>כללי</ManufacturerName>
      <ManufactureCountry>IL</ManufactureCountry>
      <ManufacturerItemDescription>מסיר לק לימון</ManufacturerItemDescription>
      <UnitQty>יחידה</UnitQty>
      <Quantity>1.00</Quantity>
      <bIsWeighted>0</bIsWeighted>
      <UnitOfMeasure>יחידה</UnitOfMeasure>
      <QtyInPackage>1</QtyInPackage>
      <ItemPrice>6.90</ItemPrice>
      <UnitOfMeasurePrice>6.90</UnitOfMeasurePrice>
      <AllowDiscount>1</AllowDiscount>
      <ItemStatus>1</ItemStatus>
    </Item>
    <Item>
      <PriceUpdateDate>2020-03-01 09:04</PriceUpdateDate>
      <ItemCode>7296179026337</ItemCode>
      <ItemType>1</ItemType>
      <ItemName>סלסלה חבצלת השרון מארז</ItemName>
      <ManufacturerName>תעשיות שיק</ManufacturerName>
      <ManufactureCountry>IL</ManufactureCountry>
      <ManufacturerItemDescription>סלסלה חבצלת השרו</ManufacturerItemDescription>
      <UnitQty>יחידה</UnitQty>
      <Quantity>1.00</Quantity>
      <bIsWeighted>0</bIsWeighted>
      <UnitOfMeasure>יחידה</UnitOfMeasure>
      <QtyInPackage>1</QtyInPackage>
      <ItemPrice>69.90</ItemPrice>
      <UnitOfMeasurePrice>69.90</UnitOfMeasurePrice>
      <AllowDiscount>1</AllowDiscount>
      <ItemStatus>1</ItemStatus>
    </Item>
    <Item>
      <PriceUpdateDate>2020-10-10 20:20</PriceUpdateDate>
      <ItemCode>7296179028423</ItemCode>
      <ItemType>1</ItemType>
      <ItemName>לק עמיד 819 יח'</ItemName>
      <ManufacturerName>כללי</ManufacturerName>
      <ManufactureCountry>IL</ManufactureCountry>
      <ManufacturerItemDescription>לק עמיד 819</ManufacturerItemDescription>
      <UnitQty>יחידה</UnitQty>
      <Quantity>1.00</Quantity>
      <bIsWeighted>0</bIsWeighted>
      <UnitOfMeasure>יחידה</UnitOfMeasure>
      <QtyInPackage>1</QtyInPackage>
      <ItemPrice>10.00</ItemPrice>
      <UnitOfMeasurePrice>10.00</UnitOfMeasurePrice>
      <AllowDiscount>1</AllowDiscount>
      <ItemStatus>1</ItemStatus>
    </Item>
    <Item>
      <PriceUpdateDate>2020-10-10 21:00</PriceUpdateDate>
      <ItemCode>7296179028607</ItemCode>
      <ItemType>1</ItemType>
      <ItemName>סבון נשית קלאסי</ItemName>
      <ManufacturerName>חלאבין</ManufacturerName>
      <ManufactureCountry>IL</ManufactureCountry>
      <ManufacturerItemDescription>סבון נשית קלאסי</ManufacturerItemDescription>
      <UnitQty>מיליליטרים</UnitQty>
      <Quantity>250.00</Quantity>
      <bIsWeighted>0</bIsWeighted>
      <UnitOfMeasure>100 מ"ל</UnitOfMeasure>
      <QtyInPackage>1</QtyInPackage>
      <ItemPrice>19.90</ItemPrice>
      <UnitOfMeasurePrice>7.96</UnitOfMeasurePrice>
      <AllowDiscount>1</AllowDiscount>
      <ItemStatus>1</ItemStatus>
    </Item>
    <Item>
      <PriceUpdateDate>2020-03-01 09:04</PriceUpdateDate>
      <ItemCode>7296179029567</ItemCode>
      <ItemType>1</ItemType>
      <ItemName>סט בראשית WILD MN מארז</ItemName>
      <ManufacturerName>תעשיות שיק</ManufacturerName>
      <ManufactureCountry>IL</ManufactureCountry>
      <ManufacturerItemDescription>סט בראשית WIL MN</ManufacturerItemDescription>
      <UnitQty>יחידה</UnitQty>
      <Quantity>1.00</Quantity>
      <bIsWeighted>0</bIsWeighted>
      <UnitOfMeasure>יחידה</UnitOfMeasure>
      <QtyInPackage>1</QtyInPackage>
      <ItemPrice>69.90</ItemPrice>
      <UnitOfMeasurePrice>69.90</UnitOfMeasurePrice>
      <AllowDiscount>1</AllowDiscount>
      <ItemStatus>1</ItemStatus>
    </Item>
    <Item>
      <PriceUpdateDate>2020-10-10 21:00</PriceUpdateDate>
      <ItemCode>7296179029673</ItemCode>
      <ItemType>1</ItemType>
      <ItemName>ספריי דאו WILD M.N. 187</ItemName>
      <ManufacturerName>חלאבין</ManufacturerName>
      <ManufactureCountry>IL</ManufactureCountry>
      <ManufacturerItemDescription>דאו ספריי 187 מל</ManufacturerItemDescription>
      <UnitQty>מיליליטרים</UnitQty>
      <Quantity>187.00</Quantity>
      <bIsWeighted>0</bIsWeighted>
      <UnitOfMeasure>100 מ"ל</UnitOfMeasure>
      <QtyInPackage>1</QtyInPackage>
      <ItemPrice>17.90</ItemPrice>
      <UnitOfMeasurePrice>9.57</UnitOfMeasurePrice>
      <AllowDiscount>1</AllowDiscount>
      <ItemStatus>1</ItemStatus>
    </Item>
    <Item>
      <PriceUpdateDate>2020-01-20 00:09</PriceUpdateDate>
      <ItemCode>72993767</ItemCode>
      <ItemType>1</ItemType>
      <ItemName>פסק זמן גלילית אגוזים40ג</ItemName>
      <ManufacturerName>עלית</ManufacturerName>
      <ManufactureCountry>IL</ManufactureCountry>
      <ManufacturerItemDescription>פסק זמן גלילית</ManufacturerItemDescription>
      <UnitQty>גרמים</UnitQty>
      <Quantity>40.00</Quantity>
      <bIsWeighted>0</bIsWeighted>
      <UnitOfMeasure>100 גרם</UnitOfMeasure>
      <QtyInPackage>0</QtyInPackage>
      <ItemPrice>5.00</ItemPrice>
      <UnitOfMeasurePrice>12.50</UnitOfMeasurePrice>
      <AllowDiscount>1</AllowDiscount>
      <ItemStatus>1</ItemStatus>
    </Item>
    <Item>
      <PriceUpdateDate>2020-01-20 00:14</PriceUpdateDate>
      <ItemCode>7332531063135</ItemCode>
      <ItemType>1</ItemType>
      <ItemName>ספריי סאיוס סרמיד 400 מל</ItemName>
      <ManufacturerName>שוורצקופף והנקל</ManufacturerName>
      <ManufactureCountry>DE</ManufactureCountry>
      <ManufacturerItemDescription>ספרי עיצוב סאיוס</ManufacturerItemDescription>
      <UnitQty>מיליליטרים</UnitQty>
      <Quantity>400.00</Quantity>
      <bIsWeighted>0</bIsWeighted>
      <UnitOfMeasure>100 מ"ל</UnitOfMeasure>
      <QtyInPackage>1</QtyInPackage>
      <ItemPrice>46.90</ItemPrice>
      <UnitOfMeasurePrice>11.73</UnitOfMeasurePrice>
      <AllowDiscount>1</AllowDiscount>
      <ItemStatus>1</ItemStatus>
    </Item>
    <Item>
      <PriceUpdateDate>2020-01-20 00:13</PriceUpdateDate>
      <ItemCode>737052893877</ItemCode>
      <ItemType>1</ItemType>
      <ItemName>הוגו לאישה אדט 50</ItemName>
      <ManufacturerName>הוגו בוס</ManufacturerName>
      <ManufactureCountry>IL</ManufactureCountry>
      <ManufacturerItemDescription>הוגו לאישה אדט 5</ManufacturerItemDescription>
      <UnitQty>מיליליטרים</UnitQty>
      <Quantity>50.00</Quantity>
      <bIsWeighted>0</bIsWeighted>
      <UnitOfMeasure>100 מ"ל</UnitOfMeasure>
      <QtyInPackage>0</QtyInPackage>
      <ItemPrice>199.00</ItemPrice>
      <UnitOfMeasurePrice>398.00</UnitOfMeasurePrice>
      <AllowDiscount>1</AllowDiscount>
      <ItemStatus>1</ItemStatus>
    </Item>
    <Item>
      <PriceUpdateDate>2020-01-20 00:09</PriceUpdateDate>
      <ItemCode>7501013101362</ItemCode>
      <ItemType>1</ItemType>
      <ItemName>גומקס משקה קוקוס אננס473</ItemName>
      <ManufacturerName>חומקס קומר קומרסאליזדורה</ManufacturerName>
      <ManufactureCountry>MX</ManufactureCountry>
      <ManufacturerItemDescription>משקה קוקוס אננס</ManufacturerItemDescription>
      <UnitQty>מיליליטרים</UnitQty>
      <Quantity>473.00</Quantity>
      <bIsWeighted>0</bIsWeighted>
      <UnitOfMeasure>100 מ"ל</UnitOfMeasure>
      <QtyInPackage>1</QtyInPackage>
      <ItemPrice>8.90</ItemPrice>
      <UnitOfMeasurePrice>1.88</UnitOfMeasurePrice>
      <AllowDiscount>1</AllowDiscount>
      <ItemStatus>1</ItemStatus>
    </Item>
    <Item>
      <PriceUpdateDate>2020-01-20 00:09</PriceUpdateDate>
      <ItemCode>7501013101393</ItemCode>
      <ItemType>1</ItemType>
      <ItemName>ג'ומקס משקה אננס 473 מ"ל</ItemName>
      <ManufacturerName>חומקס קומר קומרסאליזדורה</ManufacturerName>
      <ManufactureCountry>MX</ManufactureCountry>
      <ManufacturerItemDescription>משקה ג'ומקס אננס</ManufacturerItemDescription>
      <UnitQty>מיליליטרים</UnitQty>
      <Quantity>473.00</Quantity>
      <bIsWeighted>0</bIsWeighted>
      <UnitOfMeasure>100 מ"ל</UnitOfMeasure>
      <QtyInPackage>1</QtyInPackage>
      <ItemPrice>8.90</ItemPrice>
      <UnitOfMeasurePrice>1.88</UnitOfMeasurePrice>
      <AllowDiscount>1</AllowDiscount>
      <ItemStatus>1</ItemStatus>
    </Item>
    <Item>
      <PriceUpdateDate>2020-01-30 12:25</PriceUpdateDate>
      <ItemCode>7501013122039</ItemCode>
      <ItemType>1</ItemType>
      <ItemName>ג'ומקס משקה מנגו קרטון1ל</ItemName>
      <ManufacturerName>חומקס קומר קומרסאליזדורה</ManufacturerName>
      <ManufactureCountry>MX</ManufactureCountry>
      <ManufacturerItemDescription>משקה ג'ומקס מנגו</ManufacturerItemDescription>
      <UnitQty>ליטרים</UnitQty>
      <Quantity>1.00</Quantity>
      <bIsWeighted>0</bIsWeighted>
      <UnitOfMeasure>ליטר</UnitOfMeasure>
      <QtyInPackage>1</QtyInPackage>
      <ItemPrice>9.90</ItemPrice>
      <UnitOfMeasurePrice>9.90</UnitOfMeasurePrice>
      <AllowDiscount>1</AllowDiscount>
      <ItemStatus>1</ItemStatus>
    </Item>
    <Item>
      <PriceUpdateDate>2020-01-30 12:25</PriceUpdateDate>
      <ItemCode>7501013122053</ItemCode>
      <ItemType>1</ItemType>
      <ItemName>ג'ומקס משקה אפרסק קרטון</ItemName>
      <ManufacturerName>חומקס קומר קומרסאליזדורה</ManufacturerName>
      <ManufactureCountry>MX</ManufactureCountry>
      <ManufacturerItemDescription>משקה גומקס אפרסק</ManufacturerItemDescription>
      <UnitQty>ליטרים</UnitQty>
      <Quantity>1.00</Quantity>
      <bIsWeighted>0</bIsWeighted>
      <UnitOfMeasure>ליטר</UnitOfMeasure>
      <QtyInPackage>1</QtyInPackage>
      <ItemPrice>9.90</ItemPrice>
      <UnitOfMeasurePrice>9.90</UnitOfMeasurePrice>
      <AllowDiscount>1</AllowDiscount>
      <ItemStatus>1</ItemStatus>
    </Item>
    <Item>
      <PriceUpdateDate>2020-01-31 05:46</PriceUpdateDate>
      <ItemCode>7610458010303</ItemCode>
      <ItemType>1</ItemType>
      <ItemName>ערכת סליידר ידית עם 3 מב</ItemName>
      <ManufacturerName>כללי</ManufacturerName>
      <ManufactureCountry />
      <ManufacturerItemDescription>ערכת סליידר ידית</ManufacturerItemDescription>
      <UnitQty>יחידה</UnitQty>
      <Quantity>1.00</Quantity>
      <bIsWeighted>0</bIsWeighted>
      <UnitOfMeasure>יחידה</UnitOfMeasure>
      <QtyInPackage>0</QtyInPackage>
      <ItemPrice>39.90</ItemPrice>
      <UnitOfMeasurePrice>39.90</UnitOfMeasurePrice>
      <AllowDiscount>1</AllowDiscount>
      <ItemStatus>1</ItemStatus>
    </Item>
    <Item>
      <PriceUpdateDate>2020-01-31 05:46</PriceUpdateDate>
      <ItemCode>7610458010310</ItemCode>
      <ItemType>1</ItemType>
      <ItemName>מילוי לסליידר6- מברשת1.9</ItemName>
      <ManufacturerName>כללי</ManufacturerName>
      <ManufactureCountry />
      <ManufacturerItemDescription>מילוי לסליידר6-</ManufacturerItemDescription>
      <UnitQty>יחידה</UnitQty>
      <Quantity>1.00</Quantity>
      <bIsWeighted>0</bIsWeighted>
      <UnitOfMeasure>יחידה</UnitOfMeasure>
      <QtyInPackage>0</QtyInPackage>
      <ItemPrice>25.90</ItemPrice>
      <UnitOfMeasurePrice>25.90</UnitOfMeasurePrice>
      <AllowDiscount>1</AllowDiscount>
      <ItemStatus>1</ItemStatus>
    </Item>
    <Item>
      <PriceUpdateDate>2020-01-20 00:21</PriceUpdateDate>
      <ItemCode>7613036880534</ItemCode>
      <ItemType>1</ItemType>
      <ItemName>מחית מרק ירקות 190 גרם</ItemName>
      <ManufacturerName>נסטלה</ManufacturerName>
      <ManufactureCountry>PL</ManufactureCountry>
      <ManufacturerItemDescription>מחית מרק ירקות</ManufacturerItemDescription>
      <UnitQty>גרמים</UnitQty>
      <Quantity>190.00</Quantity>
      <bIsWeighted>0</bIsWeighted>
      <UnitOfMeasure>100 גרם</UnitOfMeasure>
      <QtyInPackage>1</QtyInPackage>
      <ItemPrice>6.90</ItemPrice>
      <UnitOfMeasurePrice>3.63</UnitOfMeasurePrice>
      <AllowDiscount>1</AllowDiscount>
      <ItemStatus>1</ItemStatus>
    </Item>
    <Item>
      <PriceUpdateDate>2020-01-20 00:21</PriceUpdateDate>
      <ItemCode>7613036880695</ItemCode>
      <ItemType>1</ItemType>
      <ItemName>מחית תפוח בננה+חיטה 190ג</ItemName>
      <ManufacturerName>נסטלה</ManufacturerName>
      <ManufactureCountry>PL</ManufactureCountry>
      <ManufacturerItemDescription>מחית תפוח בננה</ManufacturerItemDescription>
      <UnitQty>גרמים</UnitQty>
      <Quantity>190.00</Quantity>
      <bIsWeighted>0</bIsWeighted>
      <UnitOfMeasure>100 גרם</UnitOfMeasure>
      <QtyInPackage>1</QtyInPackage>
      <ItemPrice>6.90</ItemPrice>
      <UnitOfMeasurePrice>3.63</UnitOfMeasurePrice>
      <AllowDiscount>1</AllowDiscount>
      <ItemStatus>1</ItemStatus>
    </Item>
    <Item>
      <PriceUpdateDate>2020-01-20 00:21</PriceUpdateDate>
      <ItemCode>7613036880855</ItemCode>
      <ItemType>1</ItemType>
      <ItemName>מחית תפוח עץ ובננה 190גר</ItemName>
      <ManufacturerName>נסטלה</ManufacturerName>
      <ManufactureCountry>PL</ManufactureCountry>
      <ManufacturerItemDescription>מחית תפוח ובננה</ManufacturerItemDescription>
      <UnitQty>גרמים</UnitQty>
      <Quantity>190.00</Quantity>
      <bIsWeighted>0</bIsWeighted>
      <UnitOfMeasure>100 גרם</UnitOfMeasure>
      <QtyInPackage>1</QtyInPackage>
      <ItemPrice>6.90</ItemPrice>
      <UnitOfMeasurePrice>3.63</UnitOfMeasurePrice>
      <AllowDiscount>1</AllowDiscount>
      <ItemStatus>1</ItemStatus>
    </Item>
    <Item>
      <PriceUpdateDate>2020-01-20 00:21</PriceUpdateDate>
      <ItemCode>7613036880879</ItemCode>
      <ItemType>1</ItemType>
      <ItemName>מחית תפוחי עץ 190 גרם</ItemName>
      <ManufacturerName>נסטלה</ManufacturerName>
      <ManufactureCountry>PL</ManufactureCountry>
      <ManufacturerItemDescription>מחית תפוח עץ</ManufacturerItemDescription>
      <UnitQty>גרמים</UnitQty>
      <Quantity>190.00</Quantity>
      <bIsWeighted>0</bIsWeighted>
      <UnitOfMeasure>100 גרם</UnitOfMeasure>
      <QtyInPackage>1</QtyInPackage>
      <ItemPrice>6.90</ItemPrice>
      <UnitOfMeasurePrice>3.63</UnitOfMeasurePrice>
      <AllowDiscount>1</AllowDiscount>
      <ItemStatus>1</ItemStatus>
    </Item>
    <Item>
      <PriceUpdateDate>2020-06-22 10:00</PriceUpdateDate>
      <ItemCode>7613036957083</ItemCode>
      <ItemType>1</ItemType>
      <ItemName>קפסולות Starbucksהאוס57ג</ItemName>
      <ManufacturerName>נספרסו נסטלה</ManufacturerName>
      <ManufactureCountry>CH</ManufactureCountry>
      <ManufacturerItemDescription>קפסולות Starbuck</ManufacturerItemDescription>
      <UnitQty>גרמים</UnitQty>
      <Quantity>57.00</Quantity>
      <bIsWeighted>0</bIsWeighted>
      <UnitOfMeasure>100 גרם</UnitOfMeasure>
      <QtyInPackage>1</QtyInPackage>
      <ItemPrice>22.90</ItemPrice>
      <UnitOfMeasurePrice>40.18</UnitOfMeasurePrice>
      <AllowDiscount>1</AllowDiscount>
      <ItemStatus>1</ItemStatus>
    </Item>
    <Item>
      <PriceUpdateDate>2020-06-22 10:00</PriceUpdateDate>
      <ItemCode>7613036961561</ItemCode>
      <ItemType>1</ItemType>
      <ItemName>קפסStarbucks. בלונד53גר</ItemName>
      <ManufacturerName>נסטלה נספרסו</ManufacturerName>
      <ManufactureCountry>CH</ManufactureCountry>
      <ManufacturerItemDescription>קפסולות Starbuck</ManufacturerItemDescription>
      <UnitQty>גרמים</UnitQty>
      <Quantity>53.00</Quantity>
      <bIsWeighted>0</bIsWeighted>
      <UnitOfMeasure>100 גרם</UnitOfMeasure>
      <QtyInPackage>1</QtyInPackage>
      <ItemPrice>22.90</ItemPrice>
      <UnitOfMeasurePrice>43.21</UnitOfMeasurePrice>
      <AllowDiscount>1</AllowDiscount>
      <ItemStatus>1</ItemStatus>
    </Item>
    <Item>
      <PriceUpdateDate>2020-06-22 10:00</PriceUpdateDate>
      <ItemCode>7613036961622</ItemCode>
      <ItemType>1</ItemType>
      <ItemName>קפסולות Starbucks אספרסו</ItemName>
      <ManufacturerName>נספרסו נסטלה</ManufacturerName>
      <ManufactureCountry>CH</ManufactureCountry>
      <ManufacturerItemDescription>קפסולות Starbuck</ManufacturerItemDescription>
      <UnitQty>גרמים</UnitQty>
      <Quantity>57.00</Quantity>
      <bIsWeighted>0</bIsWeighted>
      <UnitOfMeasure>100 גרם</UnitOfMeasure>
      <QtyInPackage>1</QtyInPackage>
      <ItemPrice>22.90</ItemPrice>
      <UnitOfMeasurePrice>40.18</UnitOfMeasurePrice>
      <AllowDiscount>1</AllowDiscount>
      <ItemStatus>1</ItemStatus>
    </Item>
    <Item>
      <PriceUpdateDate>2020-06-22 10:00</PriceUpdateDate>
      <ItemCode>7613036961684</ItemCode>
      <ItemType>1</ItemType>
      <ItemName>קפסולStarbucks. קולומביה</ItemName>
      <ManufacturerName>נספרסו נסטלה</ManufacturerName>
      <ManufactureCountry>CH</ManufactureCountry>
      <ManufacturerItemDescription>קפסולות Starbuck</ManufacturerItemDescription>
      <UnitQty>גרמים</UnitQty>
      <Quantity>57.00</Quantity>
      <bIsWeighted>0</bIsWeighted>
      <UnitOfMeasure>100 גרם</UnitOfMeasure>
      <QtyInPackage>1</QtyInPackage>
      <ItemPrice>22.90</ItemPrice>
      <UnitOfMeasurePrice>40.18</UnitOfMeasurePrice>
      <AllowDiscount>1</AllowDiscount>
      <ItemStatus>1</ItemStatus>
    </Item>
    <Item>
      <PriceUpdateDate>2020-06-22 10:00</PriceUpdateDate>
      <ItemCode>7613036961769</ItemCode>
      <ItemType>1</ItemType>
      <ItemName>קפסStarbucks. פלייס53ג</ItemName>
      <ManufacturerName>נספרסו נסטלה</ManufacturerName>
      <ManufactureCountry>CH</ManufactureCountry>
      <ManufacturerItemDescription>קפסולות Starbuck</ManufacturerItemDescription>
      <UnitQty>גרמים</UnitQty>
      <Quantity>53.00</Quantity>
      <bIsWeighted>0</bIsWeighted>
      <UnitOfMeasure>100 גרם</UnitOfMeasure>
      <QtyInPackage>1</QtyInPackage>
      <ItemPrice>22.90</ItemPrice>
      <UnitOfMeasurePrice>43.21</UnitOfMeasurePrice>
      <AllowDiscount>1</AllowDiscount>
      <ItemStatus>1</ItemStatus>
    </Item>
    <Item>
      <PriceUpdateDate>2020-05-21 08:10</PriceUpdateDate>
      <ItemCode>7613037012200</ItemCode>
      <ItemType>1</ItemType>
      <ItemName>גרבר תפוח מנגו פאוץ90ג</ItemName>
      <ManufacturerName>פורסלבה</ManufacturerName>
      <ManufactureCountry>ES</ManufactureCountry>
      <ManufacturerItemDescription>גרבר תפוח פאוץ'</ManufacturerItemDescription>
      <UnitQty>גרמים</UnitQty>
      <Quantity>90.00</Quantity>
      <bIsWeighted>0</bIsWeighted>
      <UnitOfMeasure>100 גרם</UnitOfMeasure>
      <QtyInPackage>1</QtyInPackage>
      <ItemPrice>5.90</ItemPrice>
      <UnitOfMeasurePrice>6.56</UnitOfMeasurePrice>
      <AllowDiscount>1</AllowDiscount>
      <ItemStatus>1</ItemStatus>
    </Item>
    <Item>
      <PriceUpdateDate>2020-05-21 08:10</PriceUpdateDate>
      <ItemCode>7613037015386</ItemCode>
      <ItemType>1</ItemType>
      <ItemName>גרבר תפוח עץ פאוץ 90 גר</ItemName>
      <ManufacturerName>פרוסלבה</ManufacturerName>
      <ManufactureCountry>ES</ManufactureCountry>
      <ManufacturerItemDescription>גרבר תפוח פאוץ'</ManufacturerItemDescription>
      <UnitQty>גרמים</UnitQty>
      <Quantity>90.00</Quantity>
      <bIsWeighted>0</bIsWeighted>
      <UnitOfMeasure>100 גרם</UnitOfMeasure>
      <QtyInPackage>1</QtyInPackage>
      <ItemPrice>5.90</ItemPrice>
      <UnitOfMeasurePrice>6.56</UnitOfMeasurePrice>
      <AllowDiscount>1</AllowDiscount>
      <ItemStatus>1</ItemStatus>
    </Item>
    <Item>
      <PriceUpdateDate>2020-06-26 00:03</PriceUpdateDate>
      <ItemCode>7613037059793</ItemCode>
      <ItemType>1</ItemType>
      <ItemName>חטיף דגנים גזר ותפוז 35ג</ItemName>
      <ManufacturerName>נסטלה פורטוגל, יוניפסואל</ManufacturerName>
      <ManufactureCountry>PT</ManufactureCountry>
      <ManufacturerItemDescription>גרבר חטיף דגנים</ManufacturerItemDescription>
      <UnitQty>גרמים</UnitQty>
      <Quantity>35.00</Quantity>
      <bIsWeighted>0</bIsWeighted>
      <UnitOfMeasure>100 גרם</UnitOfMeasure>
      <QtyInPackage>1</QtyInPackage>
      <ItemPrice>11.90</ItemPrice>
      <UnitOfMeasurePrice>34.00</UnitOfMeasurePrice>
      <AllowDiscount>1</AllowDiscount>
      <ItemStatus>1</ItemStatus>
    </Item>
    <Item>
      <PriceUpdateDate>2020-09-30 11:52</PriceUpdateDate>
      <ItemCode>7613039547540</ItemCode>
      <ItemType>1</ItemType>
      <ItemName>גרבר מחי.תפוח בננה 90ג</ItemName>
      <ManufacturerName>פורסלבהn\</ManufacturerName>
      <ManufactureCountry>ES</ManufactureCountry>
      <ManufacturerItemDescription>פאוץ גרבר תפוח ב</ManufacturerItemDescription>
      <UnitQty>גרמים</UnitQty>
      <Quantity>90.00</Quantity>
      <bIsWeighted>0</bIsWeighted>
      <UnitOfMeasure>100 גרם</UnitOfMeasure>
      <QtyInPackage>1</QtyInPackage>
      <ItemPrice>5.90</ItemPrice>
      <UnitOfMeasurePrice>6.56</UnitOfMeasurePrice>
      <AllowDiscount>1</AllowDiscount>
      <ItemStatus>1</ItemStatus>
    </Item>
    <Item>
      <PriceUpdateDate>2020-09-30 11:52</PriceUpdateDate>
      <ItemCode>7613039547632</ItemCode>
      <ItemType>1</ItemType>
      <ItemName>גרבר מחית תפוח בננה 90ג</ItemName>
      <ManufacturerName>פרוסלבה</ManufacturerName>
      <ManufactureCountry>ES</ManufactureCountry>
      <ManufacturerItemDescription>פאוץ גרבר תפוח ב</ManufacturerItemDescription>
      <UnitQty>גרמים</UnitQty>
      <Quantity>90.00</Quantity>
      <bIsWeighted>0</bIsWeighted>
      <UnitOfMeasure>100 גרם</UnitOfMeasure>
      <QtyInPackage>1</QtyInPackage>
      <ItemPrice>5.90</ItemPrice>
      <UnitOfMeasurePrice>6.56</UnitOfMeasurePrice>
      <AllowDiscount>1</AllowDiscount>
      <ItemStatus>1</ItemStatus>
    </Item>
    <Item>
      <PriceUpdateDate>2020-06-26 00:03</PriceUpdateDate>
      <ItemCode>7613039994337</ItemCode>
      <ItemType>1</ItemType>
      <ItemName>חטיף דגנים בננה ופטל 35ג</ItemName>
      <ManufacturerName>נסטלה פורטוגל, יוניפסואל</ManufacturerName>
      <ManufactureCountry>PT</ManufactureCountry>
      <ManufacturerItemDescription>גרבר חטיף דגנים</ManufacturerItemDescription>
      <UnitQty>גרמים</UnitQty>
      <Quantity>35.00</Quantity>
      <bIsWeighted>0</bIsWeighted>
      <UnitOfMeasure>100 גרם</UnitOfMeasure>
      <QtyInPackage>1</QtyInPackage>
      <ItemPrice>11.90</ItemPrice>
      <UnitOfMeasurePrice>34.00</UnitOfMeasurePrice>
      <AllowDiscount>1</AllowDiscount>
      <ItemStatus>1</ItemStatus>
    </Item>
    <Item>
      <PriceUpdateDate>2020-06-26 00:03</PriceUpdateDate>
      <ItemCode>7613039994528</ItemCode>
      <ItemType>1</ItemType>
      <ItemName>חטיף דגנים בננה גרבר 35ג</ItemName>
      <ManufacturerName>נסטלה פורטוגל, יוניפסואל</ManufacturerName>
      <ManufactureCountry>PT</ManufactureCountry>
      <ManufacturerItemDescription>גרבר חטיף דגנים</ManufacturerItemDescription>
      <UnitQty>גרמים</UnitQty>
      <Quantity>35.00</Quantity>
      <bIsWeighted>0</bIsWeighted>
      <UnitOfMeasure>100 גרם</UnitOfMeasure>
      <QtyInPackage>1</QtyInPackage>
      <ItemPrice>11.90</ItemPrice>
      <UnitOfMeasurePrice>34.00</UnitOfMeasurePrice>
      <AllowDiscount>1</AllowDiscount>
      <ItemStatus>1</ItemStatus>
    </Item>
    <Item>
      <PriceUpdateDate>2020-10-10 21:30</PriceUpdateDate>
      <ItemCode>7614500035788</ItemCode>
      <ItemType>1</ItemType>
      <ItemName>טובלרון חלב 200 גרם</ItemName>
      <ManufacturerName>מונדלייז</ManufacturerName>
      <ManufactureCountry>CH</ManufactureCountry>
      <ManufacturerItemDescription>טובלרון חלב</ManufacturerItemDescription>
      <UnitQty>גרמים</UnitQty>
      <Quantity>200.00</Quantity>
      <bIsWeighted>0</bIsWeighted>
      <UnitOfMeasure>100 גרם</UnitOfMeasure>
      <QtyInPackage>0</QtyInPackage>
      <ItemPrice>11.90</ItemPrice>
      <UnitOfMeasurePrice>5.95</UnitOfMeasurePrice>
      <AllowDiscount>1</AllowDiscount>
      <ItemStatus>1</ItemStatus>
    </Item>
    <Item>
      <PriceUpdateDate>2020-03-15 10:13</PriceUpdateDate>
      <ItemCode>7616500642560</ItemCode>
      <ItemType>1</ItemType>
      <ItemName>שוקולד חלב 300 ג</ItemName>
      <ManufacturerName />
      <ManufactureCountry>CH</ManufactureCountry>
      <ManufacturerItemDescription>שוקולד חלב 300 ג</ManufacturerItemDescription>
      <UnitQty>גרמים</UnitQty>
      <Quantity>300.00</Quantity>
      <bIsWeighted>0</bIsWeighted>
      <UnitOfMeasure>100 גרם</UnitOfMeasure>
      <QtyInPackage>0</QtyInPackage>
      <ItemPrice>15.90</ItemPrice>
      <UnitOfMeasurePrice>5.30</UnitOfMeasurePrice>
      <AllowDiscount>1</AllowDiscount>
      <ItemStatus>1</ItemStatus>
    </Item>
    <Item>
      <PriceUpdateDate>2020-03-15 10:13</PriceUpdateDate>
      <ItemCode>7616500642577</ItemCode>
      <ItemType>1</ItemType>
      <ItemName>שוקולד אגוזים</ItemName>
      <ManufacturerName />
      <ManufactureCountry>CH</ManufactureCountry>
      <ManufacturerItemDescription>שוקולד אגוזים</ManufacturerItemDescription>
      <UnitQty>גרמים</UnitQty>
      <Quantity>300.00</Quantity>
      <bIsWeighted>0</bIsWeighted>
      <UnitOfMeasure>100 גרם</UnitOfMeasure>
      <QtyInPackage>0</QtyInPackage>
      <ItemPrice>15.90</ItemPrice>
      <UnitOfMeasurePrice>5.30</UnitOfMeasurePrice>
      <AllowDiscount>1</AllowDiscount>
      <ItemStatus>1</ItemStatus>
    </Item>
    <Item>
      <PriceUpdateDate>2020-03-15 10:13</PriceUpdateDate>
      <ItemCode>7616500647251</ItemCode>
      <ItemType>1</ItemType>
      <ItemName>שוקולד חלב עם אגוזים180ג</ItemName>
      <ManufacturerName>פריי )שוקולד(</ManufacturerName>
      <ManufactureCountry>CH</ManufactureCountry>
      <ManufacturerItemDescription>שוקולד חלב+אגוז</ManufacturerItemDescription>
      <UnitQty>גרמים</UnitQty>
      <Quantity>180.00</Quantity>
      <bIsWeighted>0</bIsWeighted>
      <UnitOfMeasure>100 גרם</UnitOfMeasure>
      <QtyInPackage>0</QtyInPackage>
      <ItemPrice>21.90</ItemPrice>
      <UnitOfMeasurePrice>12.17</UnitOfMeasurePrice>
      <AllowDiscount>1</AllowDiscount>
      <ItemStatus>1</ItemStatus>
    </Item>
    <Item>
      <PriceUpdateDate>2020-03-15 10:13</PriceUpdateDate>
      <ItemCode>7616500664395</ItemCode>
      <ItemType>1</ItemType>
      <ItemName>שוק.חלב אגוז/צימוק 300 ג</ItemName>
      <ManufacturerName>צוקולאט פריי אייץגיץ</ManufacturerName>
      <ManufactureCountry>CH</ManufactureCountry>
      <ManufacturerItemDescription>שוקולד חלב אגוז</ManufacturerItemDescription>
      <UnitQty>גרמים</UnitQty>
      <Quantity>300.00</Quantity>
      <bIsWeighted>0</bIsWeighted>
      <UnitOfMeasure>100 גרם</UnitOfMeasure>
      <QtyInPackage>1</QtyInPackage>
      <ItemPrice>15.90</ItemPrice>
      <UnitOfMeasurePrice>5.30</UnitOfMeasurePrice>
      <AllowDiscount>1</AllowDiscount>
      <ItemStatus>1</ItemStatus>
    </Item>
    <Item>
      <PriceUpdateDate>2020-01-20 00:09</PriceUpdateDate>
      <ItemCode>7622010001858</ItemCode>
      <ItemType>1</ItemType>
      <ItemName>עוג.אוראו קרם וניל 176ג</ItemName>
      <ManufacturerName>פי אר ג'\יי אס אי מנדלז</ManufacturerName>
      <ManufactureCountry>UA</ManufactureCountry>
      <ManufacturerItemDescription>עוגיות אוראו</ManufacturerItemDescription>
      <UnitQty>גרמים</UnitQty>
      <Quantity>176.00</Quantity>
      <bIsWeighted>0</bIsWeighted>
      <UnitOfMeasure>100 גרם</UnitOfMeasure>
      <QtyInPackage>1</QtyInPackage>
      <ItemPrice>9.90</ItemPrice>
      <UnitOfMeasurePrice>5.63</UnitOfMeasurePrice>
      <AllowDiscount>1</AllowDiscount>
      <ItemStatus>1</ItemStatus>
    </Item>
    <Item>
      <PriceUpdateDate>2020-07-17 05:41</PriceUpdateDate>
      <ItemCode>7622210597915</ItemCode>
      <ItemType>1</ItemType>
      <ItemName>מילקה לבבות פרלינים110גר</ItemName>
      <ManufacturerName>מונדלייז</ManufacturerName>
      <ManufactureCountry>BG</ManufactureCountry>
      <ManufacturerItemDescription>מילקה פרלינים</ManufacturerItemDescription>
      <UnitQty>גרמים</UnitQty>
      <Quantity>110.00</Quantity>
      <bIsWeighted>0</bIsWeighted>
      <UnitOfMeasure>100 גרם</UnitOfMeasure>
      <QtyInPackage>1</QtyInPackage>
      <ItemPrice>12.90</ItemPrice>
      <UnitOfMeasurePrice>11.73</UnitOfMeasurePrice>
      <AllowDiscount>1</AllowDiscount>
      <ItemStatus>1</ItemStatus>
    </Item>
    <Item>
      <PriceUpdateDate>2020-01-20 00:09</PriceUpdateDate>
      <ItemCode>7622300200237</ItemCode>
      <ItemType>1</ItemType>
      <ItemName>שוקולד חלב מילקה</ItemName>
      <ManufacturerName />
      <ManufactureCountry>AT</ManufactureCountry>
      <ManufacturerItemDescription>שוקולד חלב מילקה</ManufacturerItemDescription>
      <UnitQty>גרמים</UnitQty>
      <Quantity>250.00</Quantity>
      <bIsWeighted>0</bIsWeighted>
      <UnitOfMeasure>100 גרם</UnitOfMeasure>
      <QtyInPackage>0</QtyInPackage>
      <ItemPrice>16.90</ItemPrice>
      <UnitOfMeasurePrice>6.76</UnitOfMeasurePrice>
      <AllowDiscount>1</AllowDiscount>
      <ItemStatus>1</ItemStatus>
    </Item>
    <Item>
      <PriceUpdateDate>2020-01-20 00:09</PriceUpdateDate>
      <ItemCode>7622300761363</ItemCode>
      <ItemType>1</ItemType>
      <ItemName>עוג.מיני אוראו ט.שוקו67ג</ItemName>
      <ManufacturerName>---</ManufacturerName>
      <ManufactureCountry>ID</ManufactureCountry>
      <ManufacturerItemDescription>עוגיות מיני אורא</ManufacturerItemDescription>
      <UnitQty>גרמים</UnitQty>
      <Quantity>67.00</Quantity>
      <bIsWeighted>0</bIsWeighted>
      <UnitOfMeasure>100 גרם</UnitOfMeasure>
      <QtyInPackage>0</QtyInPackage>
      <ItemPrice>8.90</ItemPrice>
      <UnitOfMeasurePrice>13.28</UnitOfMeasurePrice>
      <AllowDiscount>1</AllowDiscount>
      <ItemStatus>1</ItemStatus>
    </Item>
    <Item>
      <PriceUpdateDate>2020-01-20 00:13</PriceUpdateDate>
      <ItemCode>7640111494027</ItemCode>
      <ItemType>1</ItemType>
      <ItemName>Cabotine א.ד.ט לאשה</ItemName>
      <ManufacturerName>לילית בישום</ManufacturerName>
      <ManufactureCountry />
      <ManufacturerItemDescription>Cabotine א.ד.ט</ManufacturerItemDescription>
      <UnitQty>מיליליטרים</UnitQty>
      <Quantity>100.00</Quantity>
      <bIsWeighted>0</bIsWeighted>
      <UnitOfMeasure>100 מ"ל</UnitOfMeasure>
      <QtyInPackage>0</QtyInPackage>
      <ItemPrice>98.00</ItemPrice>
      <UnitOfMeasurePrice>98.00</UnitOfMeasurePrice>
      <AllowDiscount>1</AllowDiscount>
      <ItemStatus>1</ItemStatus>
    </Item>
    <Item>
      <PriceUpdateDate>2020-01-20 00:14</PriceUpdateDate>
      <ItemCode>7702018016808</ItemCode>
      <ItemType>1</ItemType>
      <ItemName>2סכינ גילוח ונוס ריביירה</ItemName>
      <ManufacturerName>פרוקטר אנד גמבל</ManufacturerName>
      <ManufactureCountry>MX</ManufactureCountry>
      <ManufacturerItemDescription>סכין גילוח לנשים</ManufacturerItemDescription>
      <UnitQty>יחידה</UnitQty>
      <Quantity>1.00</Quantity>
      <bIsWeighted>0</bIsWeighted>
      <UnitOfMeasure>יחידה</UnitOfMeasure>
      <QtyInPackage>0</QtyInPackage>
      <ItemPrice>21.90</ItemPrice>
      <UnitOfMeasurePrice>21.90</UnitOfMeasurePrice>
      <AllowDiscount>1</AllowDiscount>
      <ItemStatus>1</ItemStatus>
    </Item>
    <Item>
      <PriceUpdateDate>2020-01-20 00:14</PriceUpdateDate>
      <ItemCode>7702018069316</ItemCode>
      <ItemType>1</ItemType>
      <ItemName>סכין גילוח סימפלי ונוס 2</ItemName>
      <ManufacturerName>ג'\ילט</ManufacturerName>
      <ManufactureCountry>PL</ManufactureCountry>
      <ManufacturerItemDescription>סכין גילוח ונוס2</ManufacturerItemDescription>
      <UnitQty>יחידה</UnitQty>
      <Quantity>1.00</Quantity>
      <bIsWeighted>0</bIsWeighted>
      <UnitOfMeasure>יחידה</UnitOfMeasure>
      <QtyInPackage>0</QtyInPackage>
      <ItemPrice>16.90</ItemPrice>
      <UnitOfMeasurePrice>16.90</UnitOfMeasurePrice>
      <AllowDiscount>1</AllowDiscount>
      <ItemStatus>1</ItemStatus>
    </Item>
    <Item>
      <PriceUpdateDate>2020-01-20 00:14</PriceUpdateDate>
      <ItemCode>7702018069347</ItemCode>
      <ItemType>1</ItemType>
      <ItemName>סכינ.גילוח בלו2 נשים10+5</ItemName>
      <ManufacturerName>פרוקטר אנד גמבל</ManufacturerName>
      <ManufactureCountry>PL</ManufactureCountry>
      <ManufacturerItemDescription>סכיני גילח לנשים</ManufacturerItemDescription>
      <UnitQty>יחידה</UnitQty>
      <Quantity>1.00</Quantity>
      <bIsWeighted>0</bIsWeighted>
      <UnitOfMeasure>יחידה</UnitOfMeasure>
      <QtyInPackage>0</QtyInPackage>
      <ItemPrice>32.90</ItemPrice>
      <UnitOfMeasurePrice>32.90</UnitOfMeasurePrice>
      <AllowDiscount>1</AllowDiscount>
      <ItemStatus>1</ItemStatus>
    </Item>
    <Item>
      <PriceUpdateDate>2020-01-20 00:14</PriceUpdateDate>
      <ItemCode>7702018264230</ItemCode>
      <ItemType>1</ItemType>
      <ItemName>4 סכיני גילוח מאך3</ItemName>
      <ManufacturerName>ג'\ילט</ManufacturerName>
      <ManufactureCountry>PL</ManufactureCountry>
      <ManufacturerItemDescription>סכיני גילוח מאך3</ManufacturerItemDescription>
      <UnitQty>יחידה</UnitQty>
      <Quantity>1.00</Quantity>
      <bIsWeighted>0</bIsWeighted>
      <UnitOfMeasure>יחידה</UnitOfMeasure>
      <QtyInPackage>1</QtyInPackage>
      <ItemPrice>57.90</ItemPrice>
      <UnitOfMeasurePrice>57.90</UnitOfMeasurePrice>
      <AllowDiscount>1</AllowDiscount>
      <ItemStatus>1</ItemStatus>
    </Item>
    <Item>
      <PriceUpdateDate>2020-01-20 00:14</PriceUpdateDate>
      <ItemCode>7702018267637</ItemCode>
      <ItemType>1</ItemType>
      <ItemName>4סכיני גילוח ונוס אוליי</ItemName>
      <ManufacturerName>פרוקטר &amp; גמבל</ManufacturerName>
      <ManufactureCountry>IL</ManufactureCountry>
      <ManufacturerItemDescription>סכיני גילוח ונוס</ManufacturerItemDescription>
      <UnitQty>יחידה</UnitQty>
      <Quantity>1.00</Quantity>
      <bIsWeighted>0</bIsWeighted>
      <UnitOfMeasure>יחידה</UnitOfMeasure>
      <QtyInPackage>0</QtyInPackage>
      <ItemPrice>70.70</ItemPrice>
      <UnitOfMeasurePrice>70.70</UnitOfMeasurePrice>
      <AllowDiscount>1</AllowDiscount>
      <ItemStatus>1</ItemStatus>
    </Item>
    <Item>
      <PriceUpdateDate>2020-10-14 09:10</PriceUpdateDate>
      <ItemCode>7702018271788</ItemCode>
      <ItemType>1</ItemType>
      <ItemName>דאו.קליר ג'ל ספורט 70מל</ItemName>
      <ManufacturerName>פרוקטר אנד גמבל</ManufacturerName>
      <ManufactureCountry>PL</ManufactureCountry>
      <ManufacturerItemDescription>דאודורנט קליר</ManufacturerItemDescription>
      <UnitQty>מיליליטרים</UnitQty>
      <Quantity>70.00</Quantity>
      <bIsWeighted>0</bIsWeighted>
      <UnitOfMeasure>100 מ"ל</UnitOfMeasure>
      <QtyInPackage>0</QtyInPackage>
      <ItemPrice>16.90</ItemPrice>
      <UnitOfMeasurePrice>24.14</UnitOfMeasurePrice>
      <AllowDiscount>1</AllowDiscount>
      <ItemStatus>1</ItemStatus>
    </Item>
    <Item>
      <PriceUpdateDate>2020-01-20 00:14</PriceUpdateDate>
      <ItemCode>7702018321520</ItemCode>
      <ItemType>1</ItemType>
      <ItemName>דאו.סטיק מתקדם 45מ"ל A.I</ItemName>
      <ManufacturerName>P&amp;G</ManufacturerName>
      <ManufactureCountry>US</ManufactureCountry>
      <ManufacturerItemDescription>דאודורנט סטיק</ManufacturerItemDescription>
      <UnitQty>מיליליטרים</UnitQty>
      <Quantity>45.00</Quantity>
      <bIsWeighted>0</bIsWeighted>
      <UnitOfMeasure>100 מ"ל</UnitOfMeasure>
      <QtyInPackage>0</QtyInPackage>
      <ItemPrice>23.90</ItemPrice>
      <UnitOfMeasurePrice>53.11</UnitOfMeasurePrice>
      <AllowDiscount>1</AllowDiscount>
      <ItemStatus>1</ItemStatus>
    </Item>
    <Item>
      <PriceUpdateDate>2020-10-14 09:10</PriceUpdateDate>
      <ItemCode>7702018349869</ItemCode>
      <ItemType>1</ItemType>
      <ItemName>16 סכיני גילוח פיוז'ן</ItemName>
      <ManufacturerName>פרוקטר &amp; גמבל</ManufacturerName>
      <ManufactureCountry>DE</ManufactureCountry>
      <ManufacturerItemDescription>סכיני גילוח</ManufacturerItemDescription>
      <UnitQty>יחידה</UnitQty>
      <Quantity>1.00</Quantity>
      <bIsWeighted>0</bIsWeighted>
      <UnitOfMeasure>יחידה</UnitOfMeasure>
      <QtyInPackage>1</QtyInPackage>
      <ItemPrice>179.00</ItemPrice>
      <UnitOfMeasurePrice>179.00</UnitOfMeasurePrice>
      <AllowDiscount>1</AllowDiscount>
      <ItemStatus>1</ItemStatus>
    </Item>
    <Item>
      <PriceUpdateDate>2020-01-20 00:14</PriceUpdateDate>
      <ItemCode>7702018357871</ItemCode>
      <ItemType>1</ItemType>
      <ItemName>ג'ל ג. פרוגלייד 2ב1- 200</ItemName>
      <ManufacturerName>ג'\ילט</ManufacturerName>
      <ManufactureCountry>US</ManufactureCountry>
      <ManufacturerItemDescription>ג'ל גילוח</ManufacturerItemDescription>
      <UnitQty>מיליליטרים</UnitQty>
      <Quantity>200.00</Quantity>
      <bIsWeighted>0</bIsWeighted>
      <UnitOfMeasure>100 מ"ל</UnitOfMeasure>
      <QtyInPackage>1</QtyInPackage>
      <ItemPrice>24.90</ItemPrice>
      <UnitOfMeasurePrice>12.45</UnitOfMeasurePrice>
      <AllowDiscount>1</AllowDiscount>
      <ItemStatus>1</ItemStatus>
    </Item>
    <Item>
      <PriceUpdateDate>2020-01-20 00:14</PriceUpdateDate>
      <ItemCode>7702018404476</ItemCode>
      <ItemType>1</ItemType>
      <ItemName>קצף גילוח סירייס הגנה250</ItemName>
      <ManufacturerName>פרוקטר &amp; גמבל</ManufacturerName>
      <ManufactureCountry>PL</ManufactureCountry>
      <ManufacturerItemDescription>קצף גילח סירייס</ManufacturerItemDescription>
      <UnitQty>מיליליטרים</UnitQty>
      <Quantity>250.00</Quantity>
      <bIsWeighted>0</bIsWeighted>
      <UnitOfMeasure>100 מ"ל</UnitOfMeasure>
      <QtyInPackage>1</QtyInPackage>
      <ItemPrice>15.90</ItemPrice>
      <UnitOfMeasurePrice>6.36</UnitOfMeasurePrice>
      <AllowDiscount>1</AllowDiscount>
      <ItemStatus>1</ItemStatus>
    </Item>
    <Item>
      <PriceUpdateDate>2020-01-20 00:14</PriceUpdateDate>
      <ItemCode>7702018420476</ItemCode>
      <ItemType>1</ItemType>
      <ItemName>מארז סווירל ידית3+סכינים</ItemName>
      <ManufacturerName>פרוקטר אנד גמבל</ManufacturerName>
      <ManufactureCountry>US</ManufactureCountry>
      <ManufacturerItemDescription>מארז סווירל</ManufacturerItemDescription>
      <UnitQty>יחידה</UnitQty>
      <Quantity>1.00</Quantity>
      <bIsWeighted>0</bIsWeighted>
      <UnitOfMeasure>יחידה</UnitOfMeasure>
      <QtyInPackage>1</QtyInPackage>
      <ItemPrice>51.90</ItemPrice>
      <UnitOfMeasurePrice>51.90</UnitOfMeasurePrice>
      <AllowDiscount>1</AllowDiscount>
      <ItemStatus>1</ItemStatus>
    </Item>
    <Item>
      <PriceUpdateDate>2020-01-20 00:14</PriceUpdateDate>
      <ItemCode>7702018421237</ItemCode>
      <ItemType>1</ItemType>
      <ItemName>מכשיר פרוגלייד 6+ סכינים</ItemName>
      <ManufacturerName>פרוקטר &amp; גמבל</ManufacturerName>
      <ManufactureCountry>IL</ManufactureCountry>
      <ManufacturerItemDescription>מכשיר פרוגלייד</ManufacturerItemDescription>
      <UnitQty>יחידה</UnitQty>
      <Quantity>1.00</Quantity>
      <bIsWeighted>0</bIsWeighted>
      <UnitOfMeasure>יחידה</UnitOfMeasure>
      <QtyInPackage>1</QtyInPackage>
      <ItemPrice>142.90</ItemPrice>
      <UnitOfMeasurePrice>142.90</UnitOfMeasurePrice>
      <AllowDiscount>1</AllowDiscount>
      <ItemStatus>1</ItemStatus>
    </Item>
    <Item>
      <PriceUpdateDate>2020-10-10 21:30</PriceUpdateDate>
      <ItemCode>7702018441075</ItemCode>
      <ItemType>1</ItemType>
      <ItemName>12סכינ.גילוח פיוז'ן ידני</ItemName>
      <ManufacturerName>ג'\ילט</ManufacturerName>
      <ManufactureCountry>DE</ManufactureCountry>
      <ManufacturerItemDescription>סכיני גילוח</ManufacturerItemDescription>
      <UnitQty>יחידה</UnitQty>
      <Quantity>1.00</Quantity>
      <bIsWeighted>0</bIsWeighted>
      <UnitOfMeasure>יחידה</UnitOfMeasure>
      <QtyInPackage>1</QtyInPackage>
      <ItemPrice>119.00</ItemPrice>
      <UnitOfMeasurePrice>119.00</UnitOfMeasurePrice>
      <AllowDiscount>1</AllowDiscount>
      <ItemStatus>1</ItemStatus>
    </Item>
    <Item>
      <PriceUpdateDate>2020-10-10 21:30</PriceUpdateDate>
      <ItemCode>7702018451098</ItemCode>
      <ItemType>1</ItemType>
      <ItemName>ונוס סווירל ידית8+סכינים</ItemName>
      <ManufacturerName>ג'\ילט</ManufacturerName>
      <ManufactureCountry>US</ManufactureCountry>
      <ManufacturerItemDescription>סווירל מארז</ManufacturerItemDescription>
      <UnitQty>יחידה</UnitQty>
      <Quantity>1.00</Quantity>
      <bIsWeighted>0</bIsWeighted>
      <UnitOfMeasure>יחידה</UnitOfMeasure>
      <QtyInPackage>1</QtyInPackage>
      <ItemPrice>119.00</ItemPrice>
      <UnitOfMeasurePrice>119.00</UnitOfMeasurePrice>
      <AllowDiscount>1</AllowDiscount>
      <ItemStatus>1</ItemStatus>
    </Item>
    <Item>
      <PriceUpdateDate>2020-01-20 00:14</PriceUpdateDate>
      <ItemCode>7702018459445</ItemCode>
      <ItemType>1</ItemType>
      <ItemName>סכיני גילוח פיוז'ן פאוור</ItemName>
      <ManufacturerName>פרוקטר &amp; גמבל</ManufacturerName>
      <ManufactureCountry>DE</ManufactureCountry>
      <ManufacturerItemDescription>סכיני גילוח פיוז</ManufacturerItemDescription>
      <UnitQty>יחידה</UnitQty>
      <Quantity>1.00</Quantity>
      <bIsWeighted>0</bIsWeighted>
      <UnitOfMeasure>יחידה</UnitOfMeasure>
      <QtyInPackage>1</QtyInPackage>
      <ItemPrice>190.00</ItemPrice>
      <UnitOfMeasurePrice>190.00</UnitOfMeasurePrice>
      <AllowDiscount>1</AllowDiscount>
      <ItemStatus>1</ItemStatus>
    </Item>
    <Item>
      <PriceUpdateDate>2020-01-20 00:14</PriceUpdateDate>
      <ItemCode>7702018464753</ItemCode>
      <ItemType>1</ItemType>
      <ItemName>ג'ל גילוח פיוז'ן ע.רגיש</ItemName>
      <ManufacturerName>P&amp;G</ManufacturerName>
      <ManufactureCountry>GB</ManufactureCountry>
      <ManufacturerItemDescription>ג'ל גילוח פיוז'ן</ManufacturerItemDescription>
      <UnitQty>מיליליטרים</UnitQty>
      <Quantity>200.00</Quantity>
      <bIsWeighted>0</bIsWeighted>
      <UnitOfMeasure>100 מ"ל</UnitOfMeasure>
      <QtyInPackage>1</QtyInPackage>
      <ItemPrice>24.90</ItemPrice>
      <UnitOfMeasurePrice>12.45</UnitOfMeasurePrice>
      <AllowDiscount>1</AllowDiscount>
      <ItemStatus>1</ItemStatus>
    </Item>
    <Item>
      <PriceUpdateDate>2020-01-20 00:14</PriceUpdateDate>
      <ItemCode>7702018468447</ItemCode>
      <ItemType>1</ItemType>
      <ItemName>10 סכיני גילוח בלו II +</ItemName>
      <ManufacturerName>פרוקטר אנד גמבל</ManufacturerName>
      <ManufactureCountry>PL</ManufactureCountry>
      <ManufacturerItemDescription>סכיני גילוח</ManufacturerItemDescription>
      <UnitQty>יחידה</UnitQty>
      <Quantity>1.00</Quantity>
      <bIsWeighted>0</bIsWeighted>
      <UnitOfMeasure>יחידה</UnitOfMeasure>
      <QtyInPackage>1</QtyInPackage>
      <ItemPrice>27.90</ItemPrice>
      <UnitOfMeasurePrice>27.90</UnitOfMeasurePrice>
      <AllowDiscount>1</AllowDiscount>
      <ItemStatus>1</ItemStatus>
    </Item>
    <Item>
      <PriceUpdateDate>2020-01-20 00:14</PriceUpdateDate>
      <ItemCode>7702018469901</ItemCode>
      <ItemType>1</ItemType>
      <ItemName>8סכינ.גילוח פיוז'ן מוגדל</ItemName>
      <ManufacturerName>פרוקטר אנד גמבל</ManufacturerName>
      <ManufactureCountry>DE</ManufactureCountry>
      <ManufacturerItemDescription>סכיני גילוח</ManufacturerItemDescription>
      <UnitQty>יחידה</UnitQty>
      <Quantity>1.00</Quantity>
      <bIsWeighted>0</bIsWeighted>
      <UnitOfMeasure>יחידה</UnitOfMeasure>
      <QtyInPackage>1</QtyInPackage>
      <ItemPrice>133.00</ItemPrice>
      <UnitOfMeasurePrice>133.00</UnitOfMeasurePrice>
      <AllowDiscount>1</AllowDiscount>
      <ItemStatus>1</ItemStatus>
    </Item>
    <Item>
      <PriceUpdateDate>2020-01-20 00:14</PriceUpdateDate>
      <ItemCode>7702018489619</ItemCode>
      <ItemType>1</ItemType>
      <ItemName>3 סכיני גלוח בלו- ח"פ</ItemName>
      <ManufacturerName>פרוקטר אנד גמבל</ManufacturerName>
      <ManufactureCountry>PL</ManufactureCountry>
      <ManufacturerItemDescription>סכיני גילוח בלו3</ManufacturerItemDescription>
      <UnitQty>יחידה</UnitQty>
      <Quantity>1.00</Quantity>
      <bIsWeighted>0</bIsWeighted>
      <UnitOfMeasure>יחידה</UnitOfMeasure>
      <QtyInPackage>1</QtyInPackage>
      <ItemPrice>17.90</ItemPrice>
      <UnitOfMeasurePrice>17.90</UnitOfMeasurePrice>
      <AllowDiscount>1</AllowDiscount>
      <ItemStatus>1</ItemStatus>
    </Item>
    <Item>
      <PriceUpdateDate>2020-01-20 00:14</PriceUpdateDate>
      <ItemCode>7702018493647</ItemCode>
      <ItemType>1</ItemType>
      <ItemName>ג'ל גילוח סקינגארד200מ"ל</ItemName>
      <ManufacturerName>פרוקטר &amp; גמבל</ManufacturerName>
      <ManufactureCountry>GB</ManufactureCountry>
      <ManufacturerItemDescription>ג'ל גילוח ג'ילט</ManufacturerItemDescription>
      <UnitQty>מיליליטרים</UnitQty>
      <Quantity>200.00</Quantity>
      <bIsWeighted>0</bIsWeighted>
      <UnitOfMeasure>100 מ"ל</UnitOfMeasure>
      <QtyInPackage>1</QtyInPackage>
      <ItemPrice>24.90</ItemPrice>
      <UnitOfMeasurePrice>12.45</UnitOfMeasurePrice>
      <AllowDiscount>1</AllowDiscount>
      <ItemStatus>1</ItemStatus>
    </Item>
    <Item>
      <PriceUpdateDate>2020-01-20 00:14</PriceUpdateDate>
      <ItemCode>7702018495641</ItemCode>
      <ItemType>1</ItemType>
      <ItemName>ג'ילט מארז פרוגלייד 12+H</ItemName>
      <ManufacturerName>פרוקטר &amp; גמבל</ManufacturerName>
      <ManufactureCountry>IL</ManufactureCountry>
      <ManufacturerItemDescription>ג'ילט מארז פרוגל</ManufacturerItemDescription>
      <UnitQty>יחידה</UnitQty>
      <Quantity>1.00</Quantity>
      <bIsWeighted>0</bIsWeighted>
      <UnitOfMeasure>יחידה</UnitOfMeasure>
      <QtyInPackage>1</QtyInPackage>
      <ItemPrice>231.90</ItemPrice>
      <UnitOfMeasurePrice>231.90</UnitOfMeasurePrice>
      <AllowDiscount>1</AllowDiscount>
      <ItemStatus>1</ItemStatus>
    </Item>
    <Item>
      <PriceUpdateDate>2020-10-10 21:30</PriceUpdateDate>
      <ItemCode>7702018529582</ItemCode>
      <ItemType>1</ItemType>
      <ItemName>מכשיר סקינגארד 7+ סכינים</ItemName>
      <ManufacturerName>פרוקטר &amp; גמבל</ManufacturerName>
      <ManufactureCountry>DE</ManufactureCountry>
      <ManufacturerItemDescription>מכשיר סקינגארד7+</ManufacturerItemDescription>
      <UnitQty>יחידה</UnitQty>
      <Quantity>1.00</Quantity>
      <bIsWeighted>0</bIsWeighted>
      <UnitOfMeasure>יחידה</UnitOfMeasure>
      <QtyInPackage>1</QtyInPackage>
      <ItemPrice>119.00</ItemPrice>
      <UnitOfMeasurePrice>119.00</UnitOfMeasurePrice>
      <AllowDiscount>1</AllowDiscount>
      <ItemStatus>1</ItemStatus>
    </Item>
    <Item>
      <PriceUpdateDate>2020-10-14 09:10</PriceUpdateDate>
      <ItemCode>7702018978106</ItemCode>
      <ItemType>1</ItemType>
      <ItemName>דאו.קליר ג'ל A.L 70 מ"ל</ItemName>
      <ManufacturerName>פרוקטר אנד גמבל</ManufacturerName>
      <ManufactureCountry>PL</ManufactureCountry>
      <ManufacturerItemDescription>דאו.קליר ג'ל</ManufacturerItemDescription>
      <UnitQty>מיליליטרים</UnitQty>
      <Quantity>70.00</Quantity>
      <bIsWeighted>0</bIsWeighted>
      <UnitOfMeasure>100 מ"ל</UnitOfMeasure>
      <QtyInPackage>0</QtyInPackage>
      <ItemPrice>16.90</ItemPrice>
      <UnitOfMeasurePrice>24.14</UnitOfMeasurePrice>
      <AllowDiscount>1</AllowDiscount>
      <ItemStatus>1</ItemStatus>
    </Item>
    <Item>
      <PriceUpdateDate>2020-10-14 09:10</PriceUpdateDate>
      <ItemCode>7702018978120</ItemCode>
      <ItemType>1</ItemType>
      <ItemName>דאו.קליר ג'ל C.W 70 מ"ל</ItemName>
      <ManufacturerName>פרוקטר אנד גמבל</ManufacturerName>
      <ManufactureCountry>PL</ManufactureCountry>
      <ManufacturerItemDescription>דאו.קליר ג'ל</ManufacturerItemDescription>
      <UnitQty>מיליליטרים</UnitQty>
      <Quantity>70.00</Quantity>
      <bIsWeighted>0</bIsWeighted>
      <UnitOfMeasure>100 מ"ל</UnitOfMeasure>
      <QtyInPackage>0</QtyInPackage>
      <ItemPrice>16.90</ItemPrice>
      <UnitOfMeasurePrice>24.14</UnitOfMeasurePrice>
      <AllowDiscount>1</AllowDiscount>
      <ItemStatus>1</ItemStatus>
    </Item>
    <Item>
      <PriceUpdateDate>2020-01-20 00:14</PriceUpdateDate>
      <ItemCode>7702018980833</ItemCode>
      <ItemType>1</ItemType>
      <ItemName>ג'ל גילוח סירייס לחות200</ItemName>
      <ManufacturerName>ג'\ילט</ManufacturerName>
      <ManufactureCountry>GB</ManufactureCountry>
      <ManufacturerItemDescription>ג'ל גילוח סירייס</ManufacturerItemDescription>
      <UnitQty>מיליליטרים</UnitQty>
      <Quantity>200.00</Quantity>
      <bIsWeighted>0</bIsWeighted>
      <UnitOfMeasure>100 מ"ל</UnitOfMeasure>
      <QtyInPackage>1</QtyInPackage>
      <ItemPrice>18.90</ItemPrice>
      <UnitOfMeasurePrice>9.45</UnitOfMeasurePrice>
      <AllowDiscount>1</AllowDiscount>
      <ItemStatus>1</ItemStatus>
    </Item>
    <Item>
      <PriceUpdateDate>2020-01-20 00:14</PriceUpdateDate>
      <ItemCode>78009226</ItemCode>
      <ItemType>1</ItemType>
      <ItemName>דאו.דאב סטיק אורגינל50ג</ItemName>
      <ManufacturerName>יוניליוור</ManufacturerName>
      <ManufactureCountry>PH</ManufactureCountry>
      <ManufacturerItemDescription>דאו.דאב</ManufacturerItemDescription>
      <UnitQty>גרמים</UnitQty>
      <Quantity>50.00</Quantity>
      <bIsWeighted>0</bIsWeighted>
      <UnitOfMeasure>100 גרם</UnitOfMeasure>
      <QtyInPackage>0</QtyInPackage>
      <ItemPrice>26.90</ItemPrice>
      <UnitOfMeasurePrice>53.80</UnitOfMeasurePrice>
      <AllowDiscount>1</AllowDiscount>
      <ItemStatus>1</ItemStatus>
    </Item>
    <Item>
      <PriceUpdateDate>2020-07-28 16:10</PriceUpdateDate>
      <ItemCode>783320911569</ItemCode>
      <ItemType>1</ItemType>
      <ItemName>home four aqua  אדט150מל</ItemName>
      <ManufacturerName>כללי</ManufacturerName>
      <ManufactureCountry>IT</ManufactureCountry>
      <ManufacturerItemDescription>home four aqua</ManufacturerItemDescription>
      <UnitQty>מיליליטרים</UnitQty>
      <Quantity>150.00</Quantity>
      <bIsWeighted>0</bIsWeighted>
      <UnitOfMeasure>100 מ"ל</UnitOfMeasure>
      <QtyInPackage>1</QtyInPackage>
      <ItemPrice>329.00</ItemPrice>
      <UnitOfMeasurePrice>219.33</UnitOfMeasurePrice>
      <AllowDiscount>1</AllowDiscount>
      <ItemStatus>1</ItemStatus>
    </Item>
    <Item>
      <PriceUpdateDate>2020-10-10 20:20</PriceUpdateDate>
      <ItemCode>7891024124826</ItemCode>
      <ItemType>1</ItemType>
      <ItemName>קולגייט אופטיק וייט 75מל</ItemName>
      <ManufacturerName>קולגייט פלמוליב</ManufacturerName>
      <ManufactureCountry>BR</ManufactureCountry>
      <ManufacturerItemDescription>משחת קולגייט</ManufacturerItemDescription>
      <UnitQty>מיליליטרים</UnitQty>
      <Quantity>75.00</Quantity>
      <bIsWeighted>0</bIsWeighted>
      <UnitOfMeasure>100 מ"ל</UnitOfMeasure>
      <QtyInPackage>0</QtyInPackage>
      <ItemPrice>18.90</ItemPrice>
      <UnitOfMeasurePrice>25.20</UnitOfMeasurePrice>
      <AllowDiscount>1</AllowDiscount>
      <ItemStatus>1</ItemStatus>
    </Item>
    <Item>
      <PriceUpdateDate>2020-10-10 20:20</PriceUpdateDate>
      <ItemCode>7891024130063</ItemCode>
      <ItemType>1</ItemType>
      <ItemName>פלקס שטיפה ל.אלכוהול500</ItemName>
      <ManufacturerName>קולגייט- פלמוליב</ManufacturerName>
      <ManufactureCountry>BR</ManufactureCountry>
      <ManufacturerItemDescription>פלקס שטיפה</ManufacturerItemDescription>
      <UnitQty>מיליליטרים</UnitQty>
      <Quantity>500.00</Quantity>
      <bIsWeighted>0</bIsWeighted>
      <UnitOfMeasure>100 מ"ל</UnitOfMeasure>
      <QtyInPackage>0</QtyInPackage>
      <ItemPrice>14.90</ItemPrice>
      <UnitOfMeasurePrice>2.98</UnitOfMeasurePrice>
      <AllowDiscount>1</AllowDiscount>
      <ItemStatus>1</ItemStatus>
    </Item>
    <Item>
      <PriceUpdateDate>2020-10-10 20:20</PriceUpdateDate>
      <ItemCode>7891024136805</ItemCode>
      <ItemType>1</ItemType>
      <ItemName>קולגייט מי פה פלאק.תה500</ItemName>
      <ManufacturerName>קולגייט פלמוליב</ManufacturerName>
      <ManufactureCountry>BR</ManufactureCountry>
      <ManufacturerItemDescription>קולגייט מי פה</ManufacturerItemDescription>
      <UnitQty>מיליליטרים</UnitQty>
      <Quantity>500.00</Quantity>
      <bIsWeighted>0</bIsWeighted>
      <UnitOfMeasure>100 מ"ל</UnitOfMeasure>
      <QtyInPackage>1</QtyInPackage>
      <ItemPrice>14.90</ItemPrice>
      <UnitOfMeasurePrice>2.98</UnitOfMeasurePrice>
      <AllowDiscount>1</AllowDiscount>
      <ItemStatus>1</ItemStatus>
    </Item>
    <Item>
      <PriceUpdateDate>2020-10-10 20:20</PriceUpdateDate>
      <ItemCode>7891024179482</ItemCode>
      <ItemType>1</ItemType>
      <ItemName>מי פה קולגייט אופטיק500מ</ItemName>
      <ManufacturerName>קולגייט- פלמוליב</ManufacturerName>
      <ManufactureCountry>PL</ManufactureCountry>
      <ManufacturerItemDescription>מי פה קולגייט</ManufacturerItemDescription>
      <UnitQty>מיליליטרים</UnitQty>
      <Quantity>500.00</Quantity>
      <bIsWeighted>0</bIsWeighted>
      <UnitOfMeasure>100 מ"ל</UnitOfMeasure>
      <QtyInPackage>0</QtyInPackage>
      <ItemPrice>14.90</ItemPrice>
      <UnitOfMeasurePrice>2.98</UnitOfMeasurePrice>
      <AllowDiscount>1</AllowDiscount>
      <ItemStatus>1</ItemStatus>
    </Item>
    <Item>
      <PriceUpdateDate>2020-02-14 05:40</PriceUpdateDate>
      <ItemCode>79400260949</ItemCode>
      <ItemType>1</ItemType>
      <ItemName>דאודורנט סטיק אפולו 76גר</ItemName>
      <ManufacturerName>יוניליוור ארהב, רייפורד,</ManufacturerName>
      <ManufactureCountry>US</ManufactureCountry>
      <ManufacturerItemDescription>דאו.סטיק אקס</ManufacturerItemDescription>
      <UnitQty>גרמים</UnitQty>
      <Quantity>76.00</Quantity>
      <bIsWeighted>0</bIsWeighted>
      <UnitOfMeasure>100 גרם</UnitOfMeasure>
      <QtyInPackage>1</QtyInPackage>
      <ItemPrice>22.90</ItemPrice>
      <UnitOfMeasurePrice>30.13</UnitOfMeasurePrice>
      <AllowDiscount>1</AllowDiscount>
      <ItemStatus>1</ItemStatus>
    </Item>
    <Item>
      <PriceUpdateDate>2020-10-10 21:00</PriceUpdateDate>
      <ItemCode>79400461056</ItemCode>
      <ItemType>1</ItemType>
      <ItemName>שמפו אקס לגבר2ב1אפולו473</ItemName>
      <ManufacturerName>יוניליוור ארהב, רייפורד,</ManufacturerName>
      <ManufactureCountry>US</ManufactureCountry>
      <ManufacturerItemDescription>שמפו אקס</ManufacturerItemDescription>
      <UnitQty>מיליליטרים</UnitQty>
      <Quantity>473.00</Quantity>
      <bIsWeighted>0</bIsWeighted>
      <UnitOfMeasure>100 מ"ל</UnitOfMeasure>
      <QtyInPackage>1</QtyInPackage>
      <ItemPrice>15.90</ItemPrice>
      <UnitOfMeasurePrice>3.36</UnitOfMeasurePrice>
      <AllowDiscount>1</AllowDiscount>
      <ItemStatus>1</ItemStatus>
    </Item>
    <Item>
      <PriceUpdateDate>2020-10-10 21:00</PriceUpdateDate>
      <ItemCode>79400461063</ItemCode>
      <ItemType>1</ItemType>
      <ItemName>שמפו אקס לגבר3ב1טוטאל473</ItemName>
      <ManufacturerName>יוניליוור</ManufacturerName>
      <ManufactureCountry>US</ManufactureCountry>
      <ManufacturerItemDescription>שמפו אקס</ManufacturerItemDescription>
      <UnitQty>מיליליטרים</UnitQty>
      <Quantity>473.00</Quantity>
      <bIsWeighted>0</bIsWeighted>
      <UnitOfMeasure>100 מ"ל</UnitOfMeasure>
      <QtyInPackage>1</QtyInPackage>
      <ItemPrice>15.90</ItemPrice>
      <UnitOfMeasurePrice>3.36</UnitOfMeasurePrice>
      <AllowDiscount>1</AllowDiscount>
      <ItemStatus>1</ItemStatus>
    </Item>
    <Item>
      <PriceUpdateDate>2020-10-10 21:00</PriceUpdateDate>
      <ItemCode>79400461100</ItemCode>
      <ItemType>1</ItemType>
      <ItemName>שמפו אקס לגבר3ב1- 473מ"ל</ItemName>
      <ManufacturerName>יונליוור ארהב</ManufacturerName>
      <ManufactureCountry>US</ManufactureCountry>
      <ManufacturerItemDescription>שמפו אקס</ManufacturerItemDescription>
      <UnitQty>מיליליטרים</UnitQty>
      <Quantity>473.00</Quantity>
      <bIsWeighted>0</bIsWeighted>
      <UnitOfMeasure>100 מ"ל</UnitOfMeasure>
      <QtyInPackage>1</QtyInPackage>
      <ItemPrice>15.90</ItemPrice>
      <UnitOfMeasurePrice>3.36</UnitOfMeasurePrice>
      <AllowDiscount>1</AllowDiscount>
      <ItemStatus>1</ItemStatus>
    </Item>
    <Item>
      <PriceUpdateDate>2020-10-10 21:00</PriceUpdateDate>
      <ItemCode>79400461704</ItemCode>
      <ItemType>1</ItemType>
      <ItemName>שמפו אקס לגבר2ב1מנטה473מ</ItemName>
      <ManufacturerName>יוניליוור</ManufacturerName>
      <ManufactureCountry>US</ManufactureCountry>
      <ManufacturerItemDescription>שמפו אקס</ManufacturerItemDescription>
      <UnitQty>מיליליטרים</UnitQty>
      <Quantity>473.00</Quantity>
      <bIsWeighted>0</bIsWeighted>
      <UnitOfMeasure>100 מ"ל</UnitOfMeasure>
      <QtyInPackage>1</QtyInPackage>
      <ItemPrice>15.90</ItemPrice>
      <UnitOfMeasurePrice>3.36</UnitOfMeasurePrice>
      <AllowDiscount>1</AllowDiscount>
      <ItemStatus>1</ItemStatus>
    </Item>
    <Item>
      <PriceUpdateDate>2020-01-20 00:14</PriceUpdateDate>
      <ItemCode>79625014013</ItemCode>
      <ItemType>1</ItemType>
      <ItemName>מברשת פודרה יח'</ItemName>
      <ManufacturerName>כללי</ManufacturerName>
      <ManufactureCountry>FR</ManufactureCountry>
      <ManufacturerItemDescription>מברשת פודרה</ManufacturerItemDescription>
      <UnitQty>יחידה</UnitQty>
      <Quantity>1.00</Quantity>
      <bIsWeighted>0</bIsWeighted>
      <UnitOfMeasure>יחידה</UnitOfMeasure>
      <QtyInPackage>1</QtyInPackage>
      <ItemPrice>47.00</ItemPrice>
      <UnitOfMeasurePrice>47.00</UnitOfMeasurePrice>
      <AllowDiscount>1</AllowDiscount>
      <ItemStatus>1</ItemStatus>
    </Item>
    <Item>
      <PriceUpdateDate>2020-01-20 00:14</PriceUpdateDate>
      <ItemCode>79625014136</ItemCode>
      <ItemType>1</ItemType>
      <ItemName>מברשת פודרה לקיבוע מייק</ItemName>
      <ManufacturerName>כללי</ManufacturerName>
      <ManufactureCountry>IL</ManufactureCountry>
      <ManufacturerItemDescription>מברשת פודרה לקיב</ManufacturerItemDescription>
      <UnitQty>יחידה</UnitQty>
      <Quantity>1.00</Quantity>
      <bIsWeighted>0</bIsWeighted>
      <UnitOfMeasure>יחידה</UnitOfMeasure>
      <QtyInPackage>1</QtyInPackage>
      <ItemPrice>38.00</ItemPrice>
      <UnitOfMeasurePrice>38.00</UnitOfMeasurePrice>
      <AllowDiscount>1</AllowDiscount>
      <ItemStatus>1</ItemStatus>
    </Item>
    <Item>
      <PriceUpdateDate>2020-09-11 05:42</PriceUpdateDate>
      <ItemCode>8000380157570</ItemCode>
      <ItemType>1</ItemType>
      <ItemName>וופל לואקר קלאסי175ג50%+</ItemName>
      <ManufacturerName>א. לואקר</ManufacturerName>
      <ManufactureCountry>AT</ManufactureCountry>
      <ManufacturerItemDescription>וופל לואקר</ManufacturerItemDescription>
      <UnitQty>גרמים</UnitQty>
      <Quantity>262.00</Quantity>
      <bIsWeighted>0</bIsWeighted>
      <UnitOfMeasure>100 גרם</UnitOfMeasure>
      <QtyInPackage>1</QtyInPackage>
      <ItemPrice>12.00</ItemPrice>
      <UnitOfMeasurePrice>4.58</UnitOfMeasurePrice>
      <AllowDiscount>1</AllowDiscount>
      <ItemStatus>1</ItemStatus>
    </Item>
    <Item>
      <PriceUpdateDate>2020-01-20 00:09</PriceUpdateDate>
      <ItemCode>8000500023976</ItemCode>
      <ItemType>1</ItemType>
      <ItemName>בונ.רפאלו 150 גרם</ItemName>
      <ManufacturerName>פררו - אלבה</ManufacturerName>
      <ManufactureCountry>PL</ManufactureCountry>
      <ManufacturerItemDescription>בונבונ.רפאלו</ManufacturerItemDescription>
      <UnitQty>גרמים</UnitQty>
      <Quantity>150.00</Quantity>
      <bIsWeighted>0</bIsWeighted>
      <UnitOfMeasure>100 גרם</UnitOfMeasure>
      <QtyInPackage>0</QtyInPackage>
      <ItemPrice>15.90</ItemPrice>
      <UnitOfMeasurePrice>10.60</UnitOfMeasurePrice>
      <AllowDiscount>1</AllowDiscount>
      <ItemStatus>1</ItemStatus>
    </Item>
    <Item>
      <PriceUpdateDate>2020-01-20 00:09</PriceUpdateDate>
      <ItemCode>8000500026731</ItemCode>
      <ItemType>1</ItemType>
      <ItemName>ביצי הפתעה קינדר 20*3 גר</ItemName>
      <ManufacturerName>פררו</ManufacturerName>
      <ManufactureCountry>IT</ManufactureCountry>
      <ManufacturerItemDescription>ביצי הפתעה קינדר</ManufacturerItemDescription>
      <UnitQty>גרמים</UnitQty>
      <Quantity>60.00</Quantity>
      <bIsWeighted>0</bIsWeighted>
      <UnitOfMeasure>100 גרם</UnitOfMeasure>
      <QtyInPackage>1</QtyInPackage>
      <ItemPrice>16.00</ItemPrice>
      <UnitOfMeasurePrice>26.67</UnitOfMeasurePrice>
      <AllowDiscount>1</AllowDiscount>
      <ItemStatus>1</ItemStatus>
    </Item>
    <Item>
      <PriceUpdateDate>2020-01-20 00:09</PriceUpdateDate>
      <ItemCode>8000500029350</ItemCode>
      <ItemType>1</ItemType>
      <ItemName>קינדר בואנו 43*3 גרם</ItemName>
      <ManufacturerName>פררו</ManufacturerName>
      <ManufactureCountry>PL</ManufactureCountry>
      <ManufacturerItemDescription>קינדר בואנו</ManufacturerItemDescription>
      <UnitQty>גרמים</UnitQty>
      <Quantity>129.00</Quantity>
      <bIsWeighted>0</bIsWeighted>
      <UnitOfMeasure>100 גרם</UnitOfMeasure>
      <QtyInPackage>0</QtyInPackage>
      <ItemPrice>11.90</ItemPrice>
      <UnitOfMeasurePrice>9.22</UnitOfMeasurePrice>
      <AllowDiscount>1</AllowDiscount>
      <ItemStatus>1</ItemStatus>
    </Item>
    <Item>
      <PriceUpdateDate>2020-01-20 00:09</PriceUpdateDate>
      <ItemCode>8000500037874</ItemCode>
      <ItemType>1</ItemType>
      <ItemName>בונ.פררו רושה 200 גרם</ItemName>
      <ManufacturerName>פררו</ManufacturerName>
      <ManufactureCountry>IT</ManufactureCountry>
      <ManufacturerItemDescription>בונבונירה רושר</ManufacturerItemDescription>
      <UnitQty>גרמים</UnitQty>
      <Quantity>200.00</Quantity>
      <bIsWeighted>0</bIsWeighted>
      <UnitOfMeasure>100 גרם</UnitOfMeasure>
      <QtyInPackage>0</QtyInPackage>
      <ItemPrice>27.90</ItemPrice>
      <UnitOfMeasurePrice>13.95</UnitOfMeasurePrice>
      <AllowDiscount>1</AllowDiscount>
      <ItemStatus>1</ItemStatus>
    </Item>
    <Item>
      <PriceUpdateDate>2020-01-20 00:09</PriceUpdateDate>
      <ItemCode>8000500121436</ItemCode>
      <ItemType>1</ItemType>
      <ItemName>קינדר בואנו לבן 39*3 גרם</ItemName>
      <ManufacturerName>פררו</ManufacturerName>
      <ManufactureCountry>PL</ManufactureCountry>
      <ManufacturerItemDescription>קינדר בואנו לבן</ManufacturerItemDescription>
      <UnitQty>גרמים</UnitQty>
      <Quantity>117.00</Quantity>
      <bIsWeighted>0</bIsWeighted>
      <UnitOfMeasure>100 גרם</UnitOfMeasure>
      <QtyInPackage>0</QtyInPackage>
      <ItemPrice>11.90</ItemPrice>
      <UnitOfMeasurePrice>10.17</UnitOfMeasurePrice>
      <AllowDiscount>1</AllowDiscount>
      <ItemStatus>1</ItemStatus>
    </Item>
    <Item>
      <PriceUpdateDate>2020-01-20 00:09</PriceUpdateDate>
      <ItemCode>8000500227848</ItemCode>
      <ItemType>1</ItemType>
      <ItemName>נוטלה בי רדי 132 גרם</ItemName>
      <ManufacturerName>פררו</ManufacturerName>
      <ManufactureCountry>IT</ManufactureCountry>
      <ManufacturerItemDescription>נוטלה בי רדי</ManufacturerItemDescription>
      <UnitQty>גרמים</UnitQty>
      <Quantity>132.00</Quantity>
      <bIsWeighted>0</bIsWeighted>
      <UnitOfMeasure>100 גרם</UnitOfMeasure>
      <QtyInPackage>1</QtyInPackage>
      <ItemPrice>13.50</ItemPrice>
      <UnitOfMeasurePrice>10.23</UnitOfMeasurePrice>
      <AllowDiscount>1</AllowDiscount>
      <ItemStatus>1</ItemStatus>
    </Item>
    <Item>
      <PriceUpdateDate>2020-10-10 21:00</PriceUpdateDate>
      <ItemCode>8000700000050</ItemCode>
      <ItemType>1</ItemType>
      <ItemName>סבון דאב מוצק לבן100*4גר</ItemName>
      <ManufacturerName>יוניליוור</ManufacturerName>
      <ManufactureCountry>DE</ManufactureCountry>
      <ManufacturerItemDescription>סבון דאב רביעייה</ManufacturerItemDescription>
      <UnitQty>גרמים</UnitQty>
      <Quantity>400.00</Quantity>
      <bIsWeighted>0</bIsWeighted>
      <UnitOfMeasure>100 גרם</UnitOfMeasure>
      <QtyInPackage>0</QtyInPackage>
      <ItemPrice>12.90</ItemPrice>
      <UnitOfMeasurePrice>3.23</UnitOfMeasurePrice>
      <AllowDiscount>1</AllowDiscount>
      <ItemStatus>1</ItemStatus>
    </Item>
    <Item>
      <PriceUpdateDate>2020-01-20 00:21</PriceUpdateDate>
      <ItemCode>8001090016102</ItemCode>
      <ItemType>1</ItemType>
      <ItemName>פיירי למדיח 48 טבליות</ItemName>
      <ManufacturerName>פרוקטר אנד גמבל</ManufacturerName>
      <ManufactureCountry>BE</ManufactureCountry>
      <ManufacturerItemDescription>פיירי טב' למדיח</ManufacturerItemDescription>
      <UnitQty>יחידה</UnitQty>
      <Quantity>1.00</Quantity>
      <bIsWeighted>0</bIsWeighted>
      <UnitOfMeasure>יחידה</UnitOfMeasure>
      <QtyInPackage>0</QtyInPackage>
      <ItemPrice>46.90</ItemPrice>
      <UnitOfMeasurePrice>46.90</UnitOfMeasurePrice>
      <AllowDiscount>1</AllowDiscount>
      <ItemStatus>1</ItemStatus>
    </Item>
    <Item>
      <PriceUpdateDate>2020-10-10 19:40</PriceUpdateDate>
      <ItemCode>8001090065988</ItemCode>
      <ItemType>1</ItemType>
      <ItemName>דיסקריט 10 תחבושות לונג</ItemName>
      <ManufacturerName>פרוקטר אנד גמבל</ManufacturerName>
      <ManufactureCountry>DE</ManufactureCountry>
      <ManufacturerItemDescription>דיסקריט תחבושות</ManufacturerItemDescription>
      <UnitQty>יחידה</UnitQty>
      <Quantity>1.00</Quantity>
      <bIsWeighted>0</bIsWeighted>
      <UnitOfMeasure>יחידה</UnitOfMeasure>
      <QtyInPackage>1</QtyInPackage>
      <ItemPrice>16.90</ItemPrice>
      <UnitOfMeasurePrice>16.90</UnitOfMeasurePrice>
      <AllowDiscount>1</AllowDiscount>
      <ItemStatus>1</ItemStatus>
    </Item>
    <Item>
      <PriceUpdateDate>2020-10-10 19:40</PriceUpdateDate>
      <ItemCode>8001090066008</ItemCode>
      <ItemType>1</ItemType>
      <ItemName>דיסקריט 8 תחבושות לונג+</ItemName>
      <ManufacturerName>פרוקטר אנד גמבל</ManufacturerName>
      <ManufactureCountry>DE</ManufactureCountry>
      <ManufacturerItemDescription>דיסקריט תחבושות</ManufacturerItemDescription>
      <UnitQty>יחידה</UnitQty>
      <Quantity>1.00</Quantity>
      <bIsWeighted>0</bIsWeighted>
      <UnitOfMeasure>יחידה</UnitOfMeasure>
      <QtyInPackage>1</QtyInPackage>
      <ItemPrice>16.90</ItemPrice>
      <UnitOfMeasurePrice>16.90</UnitOfMeasurePrice>
      <AllowDiscount>1</AllowDiscount>
      <ItemStatus>1</ItemStatus>
    </Item>
    <Item>
      <PriceUpdateDate>2020-10-10 20:20</PriceUpdateDate>
      <ItemCode>8001090111685</ItemCode>
      <ItemType>1</ItemType>
      <ItemName>אולוויז דיסקרט בוטיקL 8</ItemName>
      <ManufacturerName>פרוקטר אנד גמבל</ManufacturerName>
      <ManufactureCountry>DE</ManufactureCountry>
      <ManufacturerItemDescription>אולוויז דיסקרט</ManufacturerItemDescription>
      <UnitQty>גרמים</UnitQty>
      <Quantity>8.00</Quantity>
      <bIsWeighted>0</bIsWeighted>
      <UnitOfMeasure>100 גרם</UnitOfMeasure>
      <QtyInPackage>1</QtyInPackage>
      <ItemPrice>29.90</ItemPrice>
      <UnitOfMeasurePrice>373.75</UnitOfMeasurePrice>
      <AllowDiscount>1</AllowDiscount>
      <ItemStatus>1</ItemStatus>
    </Item>
    <Item>
      <PriceUpdateDate>2020-01-31 05:46</PriceUpdateDate>
      <ItemCode>8001090184375</ItemCode>
      <ItemType>1</ItemType>
      <ItemName>פיירי לכלים אוריגינל 900</ItemName>
      <ManufacturerName>פרוקטר אנד גמבל</ManufacturerName>
      <ManufactureCountry>GB</ManufactureCountry>
      <ManufacturerItemDescription>פיירי לכלים</ManufacturerItemDescription>
      <UnitQty>מיליליטרים</UnitQty>
      <Quantity>900.00</Quantity>
      <bIsWeighted>0</bIsWeighted>
      <UnitOfMeasure>100 מ"ל</UnitOfMeasure>
      <QtyInPackage>1</QtyInPackage>
      <ItemPrice>11.90</ItemPrice>
      <UnitOfMeasurePrice>1.32</UnitOfMeasurePrice>
      <AllowDiscount>1</AllowDiscount>
      <ItemStatus>1</ItemStatus>
    </Item>
    <Item>
      <PriceUpdateDate>2020-01-31 05:46</PriceUpdateDate>
      <ItemCode>8001090184412</ItemCode>
      <ItemType>1</ItemType>
      <ItemName>פיירי לכלים לימון 900 מל</ItemName>
      <ManufacturerName>פרוקטר אנד גמבל</ManufacturerName>
      <ManufactureCountry>GB</ManufactureCountry>
      <ManufacturerItemDescription>פיירי לכלים</ManufacturerItemDescription>
      <UnitQty>מיליליטרים</UnitQty>
      <Quantity>900.00</Quantity>
      <bIsWeighted>0</bIsWeighted>
      <UnitOfMeasure>100 מ"ל</UnitOfMeasure>
      <QtyInPackage>1</QtyInPackage>
      <ItemPrice>11.90</ItemPrice>
      <UnitOfMeasurePrice>1.32</UnitOfMeasurePrice>
      <AllowDiscount>1</AllowDiscount>
      <ItemStatus>1</ItemStatus>
    </Item>
    <Item>
      <PriceUpdateDate>2020-01-20 00:14</PriceUpdateDate>
      <ItemCode>8001090222459</ItemCode>
      <ItemType>1</ItemType>
      <ItemName>מרכך הרבל חלב קוקוס 400מ</ItemName>
      <ManufacturerName>פרוקטר אנד גמבל</ManufacturerName>
      <ManufactureCountry>FR</ManufactureCountry>
      <ManufacturerItemDescription>מרכך הרבל אסנס</ManufacturerItemDescription>
      <UnitQty>מיליליטרים</UnitQty>
      <Quantity>400.00</Quantity>
      <bIsWeighted>0</bIsWeighted>
      <UnitOfMeasure>100 מ"ל</UnitOfMeasure>
      <QtyInPackage>1</QtyInPackage>
      <ItemPrice>23.90</ItemPrice>
      <UnitOfMeasurePrice>5.98</UnitOfMeasurePrice>
      <AllowDiscount>1</AllowDiscount>
      <ItemStatus>1</ItemStatus>
    </Item>
    <Item>
      <PriceUpdateDate>2020-01-20 00:14</PriceUpdateDate>
      <ItemCode>8001090222541</ItemCode>
      <ItemType>1</ItemType>
      <ItemName>שמפו הרבל תות מנטה 400מל</ItemName>
      <ManufacturerName>פרוקטר אנד גמבל</ManufacturerName>
      <ManufactureCountry>FR</ManufactureCountry>
      <ManufacturerItemDescription>שמפו הרבל אסנס</ManufacturerItemDescription>
      <UnitQty>מיליליטרים</UnitQty>
      <Quantity>400.00</Quantity>
      <bIsWeighted>0</bIsWeighted>
      <UnitOfMeasure>100 מ"ל</UnitOfMeasure>
      <QtyInPackage>1</QtyInPackage>
      <ItemPrice>23.90</ItemPrice>
      <UnitOfMeasurePrice>5.98</UnitOfMeasurePrice>
      <AllowDiscount>1</AllowDiscount>
      <ItemStatus>1</ItemStatus>
    </Item>
    <Item>
      <PriceUpdateDate>2020-01-20 00:14</PriceUpdateDate>
      <ItemCode>8001090222572</ItemCode>
      <ItemType>1</ItemType>
      <ItemName>מרכך הרבל תות מנטה400מל</ItemName>
      <ManufacturerName>פרוקטר אנד גמבל</ManufacturerName>
      <ManufactureCountry>FR</ManufactureCountry>
      <ManufacturerItemDescription>מרכך הרבל אסנס</ManufacturerItemDescription>
      <UnitQty>מיליליטרים</UnitQty>
      <Quantity>400.00</Quantity>
      <bIsWeighted>0</bIsWeighted>
      <UnitOfMeasure>100 מ"ל</UnitOfMeasure>
      <QtyInPackage>1</QtyInPackage>
      <ItemPrice>23.90</ItemPrice>
      <UnitOfMeasurePrice>5.98</UnitOfMeasurePrice>
      <AllowDiscount>1</AllowDiscount>
      <ItemStatus>1</ItemStatus>
    </Item>
    <Item>
      <PriceUpdateDate>2020-01-20 00:14</PriceUpdateDate>
      <ItemCode>8001090222725</ItemCode>
      <ItemType>1</ItemType>
      <ItemName>שמפו הרבל שמן מורינגה400</ItemName>
      <ManufacturerName>פרוקטר אנד גמבל</ManufacturerName>
      <ManufactureCountry>FR</ManufactureCountry>
      <ManufacturerItemDescription>שמפו הרבל אסנס</ManufacturerItemDescription>
      <UnitQty>מיליליטרים</UnitQty>
      <Quantity>400.00</Quantity>
      <bIsWeighted>0</bIsWeighted>
      <UnitOfMeasure>100 מ"ל</UnitOfMeasure>
      <QtyInPackage>1</QtyInPackage>
      <ItemPrice>23.90</ItemPrice>
      <UnitOfMeasurePrice>5.98</UnitOfMeasurePrice>
      <AllowDiscount>1</AllowDiscount>
      <ItemStatus>1</ItemStatus>
    </Item>
    <Item>
      <PriceUpdateDate>2020-01-20 00:14</PriceUpdateDate>
      <ItemCode>8001090222756</ItemCode>
      <ItemType>1</ItemType>
      <ItemName>מרכך הרבל שמן מורינגה400</ItemName>
      <ManufacturerName>פרוקטר אנד גמבל</ManufacturerName>
      <ManufactureCountry>FR</ManufactureCountry>
      <ManufacturerItemDescription>מרכך הרבל אסנסס</ManufacturerItemDescription>
      <UnitQty>מיליליטרים</UnitQty>
      <Quantity>400.00</Quantity>
      <bIsWeighted>0</bIsWeighted>
      <UnitOfMeasure>100 מ"ל</UnitOfMeasure>
      <QtyInPackage>1</QtyInPackage>
      <ItemPrice>23.90</ItemPrice>
      <UnitOfMeasurePrice>5.98</UnitOfMeasurePrice>
      <AllowDiscount>1</AllowDiscount>
      <ItemStatus>1</ItemStatus>
    </Item>
    <Item>
      <PriceUpdateDate>2020-01-20 00:14</PriceUpdateDate>
      <ItemCode>8001090222879</ItemCode>
      <ItemType>1</ItemType>
      <ItemName>מרכך הרבל שמן ארגן400מ"ל</ItemName>
      <ManufacturerName>פרוקטר אנד גמבל</ManufacturerName>
      <ManufactureCountry>FR</ManufactureCountry>
      <ManufacturerItemDescription>מרכך הרבל אסנס</ManufacturerItemDescription>
      <UnitQty>מיליליטרים</UnitQty>
      <Quantity>400.00</Quantity>
      <bIsWeighted>0</bIsWeighted>
      <UnitOfMeasure>100 מ"ל</UnitOfMeasure>
      <QtyInPackage>1</QtyInPackage>
      <ItemPrice>23.90</ItemPrice>
      <UnitOfMeasurePrice>5.98</UnitOfMeasurePrice>
      <AllowDiscount>1</AllowDiscount>
      <ItemStatus>1</ItemStatus>
    </Item>
    <Item>
      <PriceUpdateDate>2020-10-10 20:20</PriceUpdateDate>
      <ItemCode>8001090290830</ItemCode>
      <ItemType>1</ItemType>
      <ItemName>אורל בי # משחה  White 3d</ItemName>
      <ManufacturerName>פרוקטר אנד גמבל</ManufacturerName>
      <ManufactureCountry>DE</ManufactureCountry>
      <ManufacturerItemDescription>משחת אורל בי</ManufacturerItemDescription>
      <UnitQty>מיליליטרים</UnitQty>
      <Quantity>75.00</Quantity>
      <bIsWeighted>0</bIsWeighted>
      <UnitOfMeasure>100 מ"ל</UnitOfMeasure>
      <QtyInPackage>1</QtyInPackage>
      <ItemPrice>15.90</ItemPrice>
      <UnitOfMeasurePrice>21.20</UnitOfMeasurePrice>
      <AllowDiscount>1</AllowDiscount>
      <ItemStatus>1</ItemStatus>
    </Item>
    <Item>
      <PriceUpdateDate>2020-10-10 20:20</PriceUpdateDate>
      <ItemCode>8001090290939</ItemCode>
      <ItemType>1</ItemType>
      <ItemName>אורל בי White 3D לבן 75</ItemName>
      <ManufacturerName>פרוקטר אנד גמבל</ManufacturerName>
      <ManufactureCountry>DE</ManufactureCountry>
      <ManufacturerItemDescription>משחת אורל בי</ManufacturerItemDescription>
      <UnitQty>מיליליטרים</UnitQty>
      <Quantity>75.00</Quantity>
      <bIsWeighted>0</bIsWeighted>
      <UnitOfMeasure>100 מ"ל</UnitOfMeasure>
      <QtyInPackage>1</QtyInPackage>
      <ItemPrice>15.90</ItemPrice>
      <UnitOfMeasurePrice>21.20</UnitOfMeasurePrice>
      <AllowDiscount>1</AllowDiscount>
      <ItemStatus>1</ItemStatus>
    </Item>
    <Item>
      <PriceUpdateDate>2020-01-20 00:21</PriceUpdateDate>
      <ItemCode>8001090336606</ItemCode>
      <ItemType>1</ItemType>
      <ItemName>26פמפרס בייבי דריי שלב6</ItemName>
      <ManufacturerName>פרוקטר אנד גמבל</ManufacturerName>
      <ManufactureCountry>DE</ManufactureCountry>
      <ManufacturerItemDescription>פמפרס בייבי</ManufacturerItemDescription>
      <UnitQty>יחידה</UnitQty>
      <Quantity>1.00</Quantity>
      <bIsWeighted>0</bIsWeighted>
      <UnitOfMeasure>יחידה</UnitOfMeasure>
      <QtyInPackage>1</QtyInPackage>
      <ItemPrice>34.90</ItemPrice>
      <UnitOfMeasurePrice>34.90</UnitOfMeasurePrice>
      <AllowDiscount>1</AllowDiscount>
      <ItemStatus>1</ItemStatus>
    </Item>
    <Item>
      <PriceUpdateDate>2020-01-20 00:14</PriceUpdateDate>
      <ItemCode>8001090344090</ItemCode>
      <ItemType>1</ItemType>
      <ItemName>משחת הצמדה לתותבות 47 גר</ItemName>
      <ManufacturerName>מינסטר</ManufacturerName>
      <ManufactureCountry>DE</ManufactureCountry>
      <ManufacturerItemDescription>משחת הצמדה לתותב</ManufacturerItemDescription>
      <UnitQty>גרמים</UnitQty>
      <Quantity>47.00</Quantity>
      <bIsWeighted>0</bIsWeighted>
      <UnitOfMeasure>100 גרם</UnitOfMeasure>
      <QtyInPackage>1</QtyInPackage>
      <ItemPrice>34.90</ItemPrice>
      <UnitOfMeasurePrice>74.26</UnitOfMeasurePrice>
      <AllowDiscount>1</AllowDiscount>
      <ItemStatus>1</ItemStatus>
    </Item>
    <Item>
      <PriceUpdateDate>2020-01-20 00:14</PriceUpdateDate>
      <ItemCode>8001090344274</ItemCode>
      <ItemType>1</ItemType>
      <ItemName>קוקידנט פלוס משחת הצמדה</ItemName>
      <ManufacturerName>מינסטר</ManufacturerName>
      <ManufactureCountry>DE</ManufactureCountry>
      <ManufacturerItemDescription>קוקידנט פלוס</ManufacturerItemDescription>
      <UnitQty>גרמים</UnitQty>
      <Quantity>40.00</Quantity>
      <bIsWeighted>0</bIsWeighted>
      <UnitOfMeasure>100 גרם</UnitOfMeasure>
      <QtyInPackage>1</QtyInPackage>
      <ItemPrice>37.90</ItemPrice>
      <UnitOfMeasurePrice>94.75</UnitOfMeasurePrice>
      <AllowDiscount>1</AllowDiscount>
      <ItemStatus>1</ItemStatus>
    </Item>
    <Item>
      <PriceUpdateDate>2020-10-10 20:20</PriceUpdateDate>
      <ItemCode>8001090364104</ItemCode>
      <ItemType>1</ItemType>
      <ItemName>אורל ביG&amp;E -אורגינל75מ</ItemName>
      <ManufacturerName>פרוקטר אנד גמבל</ManufacturerName>
      <ManufactureCountry>DE</ManufactureCountry>
      <ManufacturerItemDescription>משחת אורל בי</ManufacturerItemDescription>
      <UnitQty>מיליליטרים</UnitQty>
      <Quantity>75.00</Quantity>
      <bIsWeighted>0</bIsWeighted>
      <UnitOfMeasure>100 מ"ל</UnitOfMeasure>
      <QtyInPackage>1</QtyInPackage>
      <ItemPrice>14.90</ItemPrice>
      <UnitOfMeasurePrice>19.86</UnitOfMeasurePrice>
      <AllowDiscount>1</AllowDiscount>
      <ItemStatus>1</ItemStatus>
    </Item>
    <Item>
      <PriceUpdateDate>2020-10-10 20:20</PriceUpdateDate>
      <ItemCode>8001090364203</ItemCode>
      <ItemType>1</ItemType>
      <ItemName>משחת שיניים וחניכיים 75</ItemName>
      <ManufacturerName>פרוקטר אנד גמבל</ManufacturerName>
      <ManufactureCountry>DE</ManufactureCountry>
      <ManufacturerItemDescription>משחת אורל בי</ManufacturerItemDescription>
      <UnitQty>מיליליטרים</UnitQty>
      <Quantity>75.00</Quantity>
      <bIsWeighted>0</bIsWeighted>
      <UnitOfMeasure>100 מ"ל</UnitOfMeasure>
      <QtyInPackage>1</QtyInPackage>
      <ItemPrice>14.90</ItemPrice>
      <UnitOfMeasurePrice>19.86</UnitOfMeasurePrice>
      <AllowDiscount>1</AllowDiscount>
      <ItemStatus>1</ItemStatus>
    </Item>
    <Item>
      <PriceUpdateDate>2020-10-10 20:20</PriceUpdateDate>
      <ItemCode>8001090364258</ItemCode>
      <ItemType>1</ItemType>
      <ItemName>אורל בי משחה G&amp;E 75מ</ItemName>
      <ManufacturerName>פרוקטר אנד גמבל</ManufacturerName>
      <ManufactureCountry>DE</ManufactureCountry>
      <ManufacturerItemDescription>אורל בי משחה G&amp;E</ManufacturerItemDescription>
      <UnitQty>מיליליטרים</UnitQty>
      <Quantity>75.00</Quantity>
      <bIsWeighted>0</bIsWeighted>
      <UnitOfMeasure>100 מ"ל</UnitOfMeasure>
      <QtyInPackage>1</QtyInPackage>
      <ItemPrice>14.90</ItemPrice>
      <UnitOfMeasurePrice>19.86</UnitOfMeasurePrice>
      <AllowDiscount>1</AllowDiscount>
      <ItemStatus>1</ItemStatus>
    </Item>
    <Item>
      <PriceUpdateDate>2020-10-10 20:20</PriceUpdateDate>
      <ItemCode>8001090375186</ItemCode>
      <ItemType>1</ItemType>
      <ItemName>פנטן מרכך מרוכז צבע 200מ</ItemName>
      <ManufacturerName>פרוקטר אנד גמבל</ManufacturerName>
      <ManufactureCountry>FR</ManufactureCountry>
      <ManufacturerItemDescription>מרכך פנטן</ManufacturerItemDescription>
      <UnitQty>מיליליטרים</UnitQty>
      <Quantity>200.00</Quantity>
      <bIsWeighted>0</bIsWeighted>
      <UnitOfMeasure>100 מ"ל</UnitOfMeasure>
      <QtyInPackage>1</QtyInPackage>
      <ItemPrice>17.90</ItemPrice>
      <UnitOfMeasurePrice>8.95</UnitOfMeasurePrice>
      <AllowDiscount>1</AllowDiscount>
      <ItemStatus>1</ItemStatus>
    </Item>
    <Item>
      <PriceUpdateDate>2020-10-10 20:20</PriceUpdateDate>
      <ItemCode>8001090375230</ItemCode>
      <ItemType>1</ItemType>
      <ItemName>פנטן מרכך מרוכז לחות200מ</ItemName>
      <ManufacturerName>פרוקטר אנד גמבל</ManufacturerName>
      <ManufactureCountry>FR</ManufactureCountry>
      <ManufacturerItemDescription>מרכך פנטן</ManufacturerItemDescription>
      <UnitQty>מיליליטרים</UnitQty>
      <Quantity>200.00</Quantity>
      <bIsWeighted>0</bIsWeighted>
      <UnitOfMeasure>100 מ"ל</UnitOfMeasure>
      <QtyInPackage>1</QtyInPackage>
      <ItemPrice>17.90</ItemPrice>
      <UnitOfMeasurePrice>8.95</UnitOfMeasurePrice>
      <AllowDiscount>1</AllowDiscount>
      <ItemStatus>1</ItemStatus>
    </Item>
    <Item>
      <PriceUpdateDate>2020-01-20 00:14</PriceUpdateDate>
      <ItemCode>8001090377531</ItemCode>
      <ItemType>1</ItemType>
      <ItemName>פנטן מסיכה לשיער מלא 300</ItemName>
      <ManufacturerName>P&amp;G</ManufacturerName>
      <ManufactureCountry>FR</ManufactureCountry>
      <ManufacturerItemDescription>מסיכה פנטן</ManufacturerItemDescription>
      <UnitQty>מיליליטרים</UnitQty>
      <Quantity>300.00</Quantity>
      <bIsWeighted>0</bIsWeighted>
      <UnitOfMeasure>100 מ"ל</UnitOfMeasure>
      <QtyInPackage>1</QtyInPackage>
      <ItemPrice>36.90</ItemPrice>
      <UnitOfMeasurePrice>12.30</UnitOfMeasurePrice>
      <AllowDiscount>1</AllowDiscount>
      <ItemStatus>1</ItemStatus>
    </Item>
    <Item>
      <PriceUpdateDate>2020-02-02 12:47</PriceUpdateDate>
      <ItemCode>8001090379337</ItemCode>
      <ItemType>1</ItemType>
      <ItemName>40פמפרס פרימיוםVP מידה3</ItemName>
      <ManufacturerName>P&amp;G</ManufacturerName>
      <ManufactureCountry>PL</ManufactureCountry>
      <ManufacturerItemDescription>פמפרס פרימיום</ManufacturerItemDescription>
      <UnitQty>גרמים</UnitQty>
      <Quantity>40.00</Quantity>
      <bIsWeighted>0</bIsWeighted>
      <UnitOfMeasure>100 גרם</UnitOfMeasure>
      <QtyInPackage>1</QtyInPackage>
      <ItemPrice>37.90</ItemPrice>
      <UnitOfMeasurePrice>94.75</UnitOfMeasurePrice>
      <AllowDiscount>1</AllowDiscount>
      <ItemStatus>1</ItemStatus>
    </Item>
    <Item>
      <PriceUpdateDate>2020-02-02 12:47</PriceUpdateDate>
      <ItemCode>8001090379368</ItemCode>
      <ItemType>1</ItemType>
      <ItemName>34פמפרס פרימיוםVP מידה4</ItemName>
      <ManufacturerName>P&amp;G</ManufacturerName>
      <ManufactureCountry>PL</ManufactureCountry>
      <ManufacturerItemDescription>פמפרס פרימיום</ManufacturerItemDescription>
      <UnitQty>גרמים</UnitQty>
      <Quantity>34.00</Quantity>
      <bIsWeighted>0</bIsWeighted>
      <UnitOfMeasure>100 גרם</UnitOfMeasure>
      <QtyInPackage>1</QtyInPackage>
      <ItemPrice>37.90</ItemPrice>
      <UnitOfMeasurePrice>111.47</UnitOfMeasurePrice>
      <AllowDiscount>1</AllowDiscount>
      <ItemStatus>1</ItemStatus>
    </Item>
    <Item>
      <PriceUpdateDate>2020-02-02 12:47</PriceUpdateDate>
      <ItemCode>8001090379399</ItemCode>
      <ItemType>1</ItemType>
      <ItemName>30פמפרס פרימיוםVP מידה5</ItemName>
      <ManufacturerName>P&amp;G</ManufacturerName>
      <ManufactureCountry>PL</ManufactureCountry>
      <ManufacturerItemDescription>פמפרס פרימיום</ManufacturerItemDescription>
      <UnitQty>גרמים</UnitQty>
      <Quantity>30.00</Quantity>
      <bIsWeighted>0</bIsWeighted>
      <UnitOfMeasure>100 גרם</UnitOfMeasure>
      <QtyInPackage>1</QtyInPackage>
      <ItemPrice>37.90</ItemPrice>
      <UnitOfMeasurePrice>126.33</UnitOfMeasurePrice>
      <AllowDiscount>1</AllowDiscount>
      <ItemStatus>1</ItemStatus>
    </Item>
    <Item>
      <PriceUpdateDate>2020-10-10 20:20</PriceUpdateDate>
      <ItemCode>8001090493675</ItemCode>
      <ItemType>1</ItemType>
      <ItemName>הד&amp;שולדרס אולטר.טוטאל540</ItemName>
      <ManufacturerName>פרוקטר אנד גמבל</ManufacturerName>
      <ManufactureCountry>RO</ManufactureCountry>
      <ManufacturerItemDescription>שמפו הד&amp;שולדרס</ManufacturerItemDescription>
      <UnitQty>מיליליטרים</UnitQty>
      <Quantity>540.00</Quantity>
      <bIsWeighted>0</bIsWeighted>
      <UnitOfMeasure>100 מ"ל</UnitOfMeasure>
      <QtyInPackage>1</QtyInPackage>
      <ItemPrice>19.90</ItemPrice>
      <UnitOfMeasurePrice>3.68</UnitOfMeasurePrice>
      <AllowDiscount>1</AllowDiscount>
      <ItemStatus>1</ItemStatus>
    </Item>
    <Item>
      <PriceUpdateDate>2020-10-10 20:20</PriceUpdateDate>
      <ItemCode>8001090493798</ItemCode>
      <ItemType>1</ItemType>
      <ItemName>הד&amp;שולדרס אולטר.להקלה540</ItemName>
      <ManufacturerName>פרוקטר אנד גמבל</ManufacturerName>
      <ManufactureCountry>RO</ManufactureCountry>
      <ManufacturerItemDescription>שמפו הד&amp;שולדרס</ManufacturerItemDescription>
      <UnitQty>מיליליטרים</UnitQty>
      <Quantity>540.00</Quantity>
      <bIsWeighted>0</bIsWeighted>
      <UnitOfMeasure>100 מ"ל</UnitOfMeasure>
      <QtyInPackage>1</QtyInPackage>
      <ItemPrice>19.90</ItemPrice>
      <UnitOfMeasurePrice>3.68</UnitOfMeasurePrice>
      <AllowDiscount>1</AllowDiscount>
      <ItemStatus>1</ItemStatus>
    </Item>
    <Item>
      <PriceUpdateDate>2020-10-10 20:20</PriceUpdateDate>
      <ItemCode>8001090560117</ItemCode>
      <ItemType>1</ItemType>
      <ItemName>פנטן מרכך מיסלר 675 מ"ל</ItemName>
      <ManufacturerName>פרוקטר אנד גמבל</ManufacturerName>
      <ManufactureCountry>FR</ManufactureCountry>
      <ManufacturerItemDescription>פנטן מרכך מיסלר</ManufacturerItemDescription>
      <UnitQty>מיליליטרים</UnitQty>
      <Quantity>675.00</Quantity>
      <bIsWeighted>0</bIsWeighted>
      <UnitOfMeasure>100 מ"ל</UnitOfMeasure>
      <QtyInPackage>1</QtyInPackage>
      <ItemPrice>17.90</ItemPrice>
      <UnitOfMeasurePrice>2.65</UnitOfMeasurePrice>
      <AllowDiscount>1</AllowDiscount>
      <ItemStatus>1</ItemStatus>
    </Item>
    <Item>
      <PriceUpdateDate>2020-01-20 00:14</PriceUpdateDate>
      <ItemCode>8001090580122</ItemCode>
      <ItemType>1</ItemType>
      <ItemName>הד&amp;שולדרס סופרים משקם400</ItemName>
      <ManufacturerName>פרוקטר אנד גמבל</ManufacturerName>
      <ManufactureCountry>FR</ManufactureCountry>
      <ManufacturerItemDescription>שמפו הד&amp;שולדרס</ManufacturerItemDescription>
      <UnitQty>מיליליטרים</UnitQty>
      <Quantity>400.00</Quantity>
      <bIsWeighted>0</bIsWeighted>
      <UnitOfMeasure>100 מ"ל</UnitOfMeasure>
      <QtyInPackage>1</QtyInPackage>
      <ItemPrice>24.90</ItemPrice>
      <UnitOfMeasurePrice>6.23</UnitOfMeasurePrice>
      <AllowDiscount>1</AllowDiscount>
      <ItemStatus>1</ItemStatus>
    </Item>
    <Item>
      <PriceUpdateDate>2020-10-10 20:20</PriceUpdateDate>
      <ItemCode>8001090632715</ItemCode>
      <ItemType>1</ItemType>
      <ItemName>מש.אורל בי לילד פרוזן75מ</ItemName>
      <ManufacturerName>פרוקטר אנד גמבל</ManufacturerName>
      <ManufactureCountry>DE</ManufactureCountry>
      <ManufacturerItemDescription>משחת שיניים לילד</ManufacturerItemDescription>
      <UnitQty>מיליליטרים</UnitQty>
      <Quantity>75.00</Quantity>
      <bIsWeighted>0</bIsWeighted>
      <UnitOfMeasure>100 מ"ל</UnitOfMeasure>
      <QtyInPackage>1</QtyInPackage>
      <ItemPrice>11.90</ItemPrice>
      <UnitOfMeasurePrice>15.86</UnitOfMeasurePrice>
      <AllowDiscount>1</AllowDiscount>
      <ItemStatus>1</ItemStatus>
    </Item>
    <Item>
      <PriceUpdateDate>2020-01-20 00:14</PriceUpdateDate>
      <ItemCode>8001090678195</ItemCode>
      <ItemType>1</ItemType>
      <ItemName>הד&amp;שולדרס סופרים לחות275</ItemName>
      <ManufacturerName>פרוקטר אנד גמבל</ManufacturerName>
      <ManufactureCountry>RO</ManufactureCountry>
      <ManufacturerItemDescription>מרכך הד&amp;שולדרס</ManufacturerItemDescription>
      <UnitQty>מיליליטרים</UnitQty>
      <Quantity>275.00</Quantity>
      <bIsWeighted>0</bIsWeighted>
      <UnitOfMeasure>100 מ"ל</UnitOfMeasure>
      <QtyInPackage>1</QtyInPackage>
      <ItemPrice>17.90</ItemPrice>
      <UnitOfMeasurePrice>6.51</UnitOfMeasurePrice>
      <AllowDiscount>1</AllowDiscount>
      <ItemStatus>1</ItemStatus>
    </Item>
    <Item>
      <PriceUpdateDate>2020-01-20 00:14</PriceUpdateDate>
      <ItemCode>8001090678614</ItemCode>
      <ItemType>1</ItemType>
      <ItemName>שמפו הד&amp;שולרס סופרים400</ItemName>
      <ManufacturerName>פרוקטר אנד גמבל</ManufacturerName>
      <ManufactureCountry>FR</ManufactureCountry>
      <ManufacturerItemDescription>שמפו הד&amp;שולדרס</ManufacturerItemDescription>
      <UnitQty>מיליליטרים</UnitQty>
      <Quantity>400.00</Quantity>
      <bIsWeighted>0</bIsWeighted>
      <UnitOfMeasure>100 מ"ל</UnitOfMeasure>
      <QtyInPackage>1</QtyInPackage>
      <ItemPrice>24.90</ItemPrice>
      <UnitOfMeasurePrice>6.23</UnitOfMeasurePrice>
      <AllowDiscount>1</AllowDiscount>
      <ItemStatus>1</ItemStatus>
    </Item>
    <Item>
      <PriceUpdateDate>2020-01-20 00:14</PriceUpdateDate>
      <ItemCode>8001090678645</ItemCode>
      <ItemType>1</ItemType>
      <ItemName>הד&amp;שולדרס סופרים רך400מ</ItemName>
      <ManufacturerName>פרוקטר אנד גמבל</ManufacturerName>
      <ManufactureCountry>FR</ManufactureCountry>
      <ManufacturerItemDescription>שמפו הד&amp;שולדרס</ManufacturerItemDescription>
      <UnitQty>מיליליטרים</UnitQty>
      <Quantity>400.00</Quantity>
      <bIsWeighted>0</bIsWeighted>
      <UnitOfMeasure>100 מ"ל</UnitOfMeasure>
      <QtyInPackage>1</QtyInPackage>
      <ItemPrice>24.90</ItemPrice>
      <UnitOfMeasurePrice>6.23</UnitOfMeasurePrice>
      <AllowDiscount>1</AllowDiscount>
      <ItemStatus>1</ItemStatus>
    </Item>
    <Item>
      <PriceUpdateDate>2020-07-28 13:25</PriceUpdateDate>
      <ItemCode>8001090721129</ItemCode>
      <ItemType>1</ItemType>
      <ItemName>אריאל קפסולות קולור 27יח</ItemName>
      <ManufacturerName>פרוקטר אנד גמבל</ManufacturerName>
      <ManufactureCountry>FR</ManufactureCountry>
      <ManufacturerItemDescription>קפסולות גל כביסה</ManufacturerItemDescription>
      <UnitQty>גרמים</UnitQty>
      <Quantity>27.00</Quantity>
      <bIsWeighted>0</bIsWeighted>
      <UnitOfMeasure>100 גרם</UnitOfMeasure>
      <QtyInPackage>1</QtyInPackage>
      <ItemPrice>39.90</ItemPrice>
      <UnitOfMeasurePrice>147.78</UnitOfMeasurePrice>
      <AllowDiscount>1</AllowDiscount>
      <ItemStatus>1</ItemStatus>
    </Item>
    <Item>
      <PriceUpdateDate>2020-10-10 20:20</PriceUpdateDate>
      <ItemCode>8001090724250</ItemCode>
      <ItemType>1</ItemType>
      <ItemName>פנטן שמפו מיסלר 675 מ"ל</ItemName>
      <ManufacturerName>פרוקטר אנד גמבל</ManufacturerName>
      <ManufactureCountry>FR</ManufactureCountry>
      <ManufacturerItemDescription>פנטן שמפו מיסלר</ManufacturerItemDescription>
      <UnitQty>מיליליטרים</UnitQty>
      <Quantity>675.00</Quantity>
      <bIsWeighted>0</bIsWeighted>
      <UnitOfMeasure>100 מ"ל</UnitOfMeasure>
      <QtyInPackage>1</QtyInPackage>
      <ItemPrice>17.90</ItemPrice>
      <UnitOfMeasurePrice>2.65</UnitOfMeasurePrice>
      <AllowDiscount>1</AllowDiscount>
      <ItemStatus>1</ItemStatus>
    </Item>
    <Item>
      <PriceUpdateDate>2020-10-10 19:40</PriceUpdateDate>
      <ItemCode>8001090740625</ItemCode>
      <ItemType>1</ItemType>
      <ItemName>מגן תחתון פרו פרש רגולר</ItemName>
      <ManufacturerName>פרוקטר אנד גמבל</ManufacturerName>
      <ManufactureCountry>DE</ManufactureCountry>
      <ManufacturerItemDescription>מגן תחתון פרו פר</ManufacturerItemDescription>
      <UnitQty>יחידה</UnitQty>
      <Quantity>1.00</Quantity>
      <bIsWeighted>0</bIsWeighted>
      <UnitOfMeasure>יחידה</UnitOfMeasure>
      <QtyInPackage>1</QtyInPackage>
      <ItemPrice>16.90</ItemPrice>
      <UnitOfMeasurePrice>16.90</UnitOfMeasurePrice>
      <AllowDiscount>1</AllowDiscount>
      <ItemStatus>1</ItemStatus>
    </Item>
    <Item>
      <PriceUpdateDate>2020-10-10 20:20</PriceUpdateDate>
      <ItemCode>8001090748607</ItemCode>
      <ItemType>1</ItemType>
      <ItemName>לנור מרכך מיסתרי 1 ליטר</ItemName>
      <ManufacturerName>פרוקטר אנד גמבל</ManufacturerName>
      <ManufactureCountry>SA</ManufactureCountry>
      <ManufacturerItemDescription>לנור מרכך מרוכז</ManufacturerItemDescription>
      <UnitQty>ליטרים</UnitQty>
      <Quantity>1.00</Quantity>
      <bIsWeighted>0</bIsWeighted>
      <UnitOfMeasure>ליטר</UnitOfMeasure>
      <QtyInPackage>1</QtyInPackage>
      <ItemPrice>21.90</ItemPrice>
      <UnitOfMeasurePrice>21.90</UnitOfMeasurePrice>
      <AllowDiscount>1</AllowDiscount>
      <ItemStatus>1</ItemStatus>
    </Item>
    <Item>
      <PriceUpdateDate>2020-10-10 19:40</PriceUpdateDate>
      <ItemCode>8001090782700</ItemCode>
      <ItemType>1</ItemType>
      <ItemName>מגן תחתון פרו פרש לארג 4</ItemName>
      <ManufacturerName>פרוקטר אנד גמבל</ManufacturerName>
      <ManufactureCountry>DE</ManufactureCountry>
      <ManufacturerItemDescription>מגן תחתון פרו פר</ManufacturerItemDescription>
      <UnitQty>יחידה</UnitQty>
      <Quantity>1.00</Quantity>
      <bIsWeighted>0</bIsWeighted>
      <UnitOfMeasure>יחידה</UnitOfMeasure>
      <QtyInPackage>1</QtyInPackage>
      <ItemPrice>16.90</ItemPrice>
      <UnitOfMeasurePrice>16.90</UnitOfMeasurePrice>
      <AllowDiscount>1</AllowDiscount>
      <ItemStatus>1</ItemStatus>
    </Item>
    <Item>
      <PriceUpdateDate>2020-10-10 20:20</PriceUpdateDate>
      <ItemCode>8001090832450</ItemCode>
      <ItemType>1</ItemType>
      <ItemName>שמפו פנטן קלאסי 660 מ"ל</ItemName>
      <ManufacturerName>פרוקטר &amp; גמבל</ManufacturerName>
      <ManufactureCountry>RO</ManufactureCountry>
      <ManufacturerItemDescription>שמפו פנטן</ManufacturerItemDescription>
      <UnitQty>מיליליטרים</UnitQty>
      <Quantity>660.00</Quantity>
      <bIsWeighted>0</bIsWeighted>
      <UnitOfMeasure>100 מ"ל</UnitOfMeasure>
      <QtyInPackage>1</QtyInPackage>
      <ItemPrice>17.90</ItemPrice>
      <UnitOfMeasurePrice>2.71</UnitOfMeasurePrice>
      <AllowDiscount>1</AllowDiscount>
      <ItemStatus>1</ItemStatus>
    </Item>
    <Item>
      <PriceUpdateDate>2020-10-10 20:20</PriceUpdateDate>
      <ItemCode>8001090832535</ItemCode>
      <ItemType>1</ItemType>
      <ItemName>שמפו פנטן שמן מרוקאי660מ</ItemName>
      <ManufacturerName>פרוקטר אנד גמבל</ManufacturerName>
      <ManufactureCountry>RO</ManufactureCountry>
      <ManufacturerItemDescription>שמפו פנטן</ManufacturerItemDescription>
      <UnitQty>מיליליטרים</UnitQty>
      <Quantity>660.00</Quantity>
      <bIsWeighted>0</bIsWeighted>
      <UnitOfMeasure>100 מ"ל</UnitOfMeasure>
      <QtyInPackage>1</QtyInPackage>
      <ItemPrice>17.90</ItemPrice>
      <UnitOfMeasurePrice>2.71</UnitOfMeasurePrice>
      <AllowDiscount>1</AllowDiscount>
      <ItemStatus>1</ItemStatus>
    </Item>
    <Item>
      <PriceUpdateDate>2020-10-10 20:20</PriceUpdateDate>
      <ItemCode>8001090832573</ItemCode>
      <ItemType>1</ItemType>
      <ItemName>שמפו פנטן לחות מוגברת660</ItemName>
      <ManufacturerName>פרוקטר אנד גמבל</ManufacturerName>
      <ManufactureCountry>RO</ManufactureCountry>
      <ManufacturerItemDescription>שמפו פנטן</ManufacturerItemDescription>
      <UnitQty>מיליליטרים</UnitQty>
      <Quantity>660.00</Quantity>
      <bIsWeighted>0</bIsWeighted>
      <UnitOfMeasure>100 מ"ל</UnitOfMeasure>
      <QtyInPackage>1</QtyInPackage>
      <ItemPrice>17.90</ItemPrice>
      <UnitOfMeasurePrice>2.71</UnitOfMeasurePrice>
      <AllowDiscount>1</AllowDiscount>
      <ItemStatus>1</ItemStatus>
    </Item>
    <Item>
      <PriceUpdateDate>2020-10-10 20:20</PriceUpdateDate>
      <ItemCode>8001090832610</ItemCode>
      <ItemType>1</ItemType>
      <ItemName>שמפו פנטן מגע משי 660מ"ל</ItemName>
      <ManufacturerName>פרוקטר אנד גמבל</ManufacturerName>
      <ManufactureCountry>RO</ManufactureCountry>
      <ManufacturerItemDescription>שמפו פנטן</ManufacturerItemDescription>
      <UnitQty>מיליליטרים</UnitQty>
      <Quantity>660.00</Quantity>
      <bIsWeighted>0</bIsWeighted>
      <UnitOfMeasure>100 מ"ל</UnitOfMeasure>
      <QtyInPackage>1</QtyInPackage>
      <ItemPrice>17.90</ItemPrice>
      <UnitOfMeasurePrice>2.71</UnitOfMeasurePrice>
      <AllowDiscount>1</AllowDiscount>
      <ItemStatus>1</ItemStatus>
    </Item>
    <Item>
      <PriceUpdateDate>2020-10-10 20:20</PriceUpdateDate>
      <ItemCode>8001090832696</ItemCode>
      <ItemType>1</ItemType>
      <ItemName>פנטן שמפו לתלתלים 660 מל</ItemName>
      <ManufacturerName>פרוקטר אנד גמבל</ManufacturerName>
      <ManufactureCountry>RO</ManufactureCountry>
      <ManufacturerItemDescription>שמפו פנטן</ManufacturerItemDescription>
      <UnitQty>מיליליטרים</UnitQty>
      <Quantity>660.00</Quantity>
      <bIsWeighted>0</bIsWeighted>
      <UnitOfMeasure>100 מ"ל</UnitOfMeasure>
      <QtyInPackage>1</QtyInPackage>
      <ItemPrice>17.90</ItemPrice>
      <UnitOfMeasurePrice>2.71</UnitOfMeasurePrice>
      <AllowDiscount>1</AllowDiscount>
      <ItemStatus>1</ItemStatus>
    </Item>
    <Item>
      <PriceUpdateDate>2020-10-10 20:20</PriceUpdateDate>
      <ItemCode>8001090832771</ItemCode>
      <ItemType>1</ItemType>
      <ItemName>פנטן שמפו הזנה קרטין660מ</ItemName>
      <ManufacturerName>פרוקטר אנד גמבל</ManufacturerName>
      <ManufactureCountry>RO</ManufactureCountry>
      <ManufacturerItemDescription>שמפו פנטן</ManufacturerItemDescription>
      <UnitQty>מיליליטרים</UnitQty>
      <Quantity>660.00</Quantity>
      <bIsWeighted>0</bIsWeighted>
      <UnitOfMeasure>100 מ"ל</UnitOfMeasure>
      <QtyInPackage>1</QtyInPackage>
      <ItemPrice>17.90</ItemPrice>
      <UnitOfMeasurePrice>2.71</UnitOfMeasurePrice>
      <AllowDiscount>1</AllowDiscount>
      <ItemStatus>1</ItemStatus>
    </Item>
    <Item>
      <PriceUpdateDate>2020-10-10 20:20</PriceUpdateDate>
      <ItemCode>8001090832818</ItemCode>
      <ItemType>1</ItemType>
      <ItemName>מרכך פנטן קלאסי 660 מ"ל</ItemName>
      <ManufacturerName>פרוקטר אנד גמבל</ManufacturerName>
      <ManufactureCountry>RO</ManufactureCountry>
      <ManufacturerItemDescription>מרכך פנטן</ManufacturerItemDescription>
      <UnitQty>מיליליטרים</UnitQty>
      <Quantity>660.00</Quantity>
      <bIsWeighted>0</bIsWeighted>
      <UnitOfMeasure>100 מ"ל</UnitOfMeasure>
      <QtyInPackage>1</QtyInPackage>
      <ItemPrice>17.90</ItemPrice>
      <UnitOfMeasurePrice>2.71</UnitOfMeasurePrice>
      <AllowDiscount>1</AllowDiscount>
      <ItemStatus>1</ItemStatus>
    </Item>
    <Item>
      <PriceUpdateDate>2020-10-10 20:20</PriceUpdateDate>
      <ItemCode>8001090832856</ItemCode>
      <ItemType>1</ItemType>
      <ItemName>מרכך פנטן שמן מרוקאי660מ</ItemName>
      <ManufacturerName>פרוקטר אנד גמבל</ManufacturerName>
      <ManufactureCountry>RO</ManufactureCountry>
      <ManufacturerItemDescription>מרכך פנטן</ManufacturerItemDescription>
      <UnitQty>מיליליטרים</UnitQty>
      <Quantity>660.00</Quantity>
      <bIsWeighted>0</bIsWeighted>
      <UnitOfMeasure>100 מ"ל</UnitOfMeasure>
      <QtyInPackage>1</QtyInPackage>
      <ItemPrice>17.90</ItemPrice>
      <UnitOfMeasurePrice>2.71</UnitOfMeasurePrice>
      <AllowDiscount>1</AllowDiscount>
      <ItemStatus>1</ItemStatus>
    </Item>
    <Item>
      <PriceUpdateDate>2020-10-10 20:20</PriceUpdateDate>
      <ItemCode>8001090832894</ItemCode>
      <ItemType>1</ItemType>
      <ItemName>מרכך פנטן לחות מוגברת660</ItemName>
      <ManufacturerName>פרוקטר אנד גמבל</ManufacturerName>
      <ManufactureCountry>RO</ManufactureCountry>
      <ManufacturerItemDescription>מרכך פנטן</ManufacturerItemDescription>
      <UnitQty>מיליליטרים</UnitQty>
      <Quantity>660.00</Quantity>
      <bIsWeighted>0</bIsWeighted>
      <UnitOfMeasure>100 מ"ל</UnitOfMeasure>
      <QtyInPackage>1</QtyInPackage>
      <ItemPrice>17.90</ItemPrice>
      <UnitOfMeasurePrice>2.71</UnitOfMeasurePrice>
      <AllowDiscount>1</AllowDiscount>
      <ItemStatus>1</ItemStatus>
    </Item>
    <Item>
      <PriceUpdateDate>2020-10-10 20:20</PriceUpdateDate>
      <ItemCode>8001090832979</ItemCode>
      <ItemType>1</ItemType>
      <ItemName>פנטן מרכך לתלתלים 660 מל</ItemName>
      <ManufacturerName>פרוקטר אנד גמבל</ManufacturerName>
      <ManufactureCountry>RO</ManufactureCountry>
      <ManufacturerItemDescription>מרכך פנטן</ManufacturerItemDescription>
      <UnitQty>מיליליטרים</UnitQty>
      <Quantity>660.00</Quantity>
      <bIsWeighted>0</bIsWeighted>
      <UnitOfMeasure>100 מ"ל</UnitOfMeasure>
      <QtyInPackage>1</QtyInPackage>
      <ItemPrice>17.90</ItemPrice>
      <UnitOfMeasurePrice>2.71</UnitOfMeasurePrice>
      <AllowDiscount>1</AllowDiscount>
      <ItemStatus>1</ItemStatus>
    </Item>
    <Item>
      <PriceUpdateDate>2020-10-10 20:20</PriceUpdateDate>
      <ItemCode>8001090833051</ItemCode>
      <ItemType>1</ItemType>
      <ItemName>פנטן מרכך הזנה קרטין660מ</ItemName>
      <ManufacturerName>פרוקטר אנד גמבל</ManufacturerName>
      <ManufactureCountry>RO</ManufactureCountry>
      <ManufacturerItemDescription>שמפו פנטן</ManufacturerItemDescription>
      <UnitQty>מיליליטרים</UnitQty>
      <Quantity>660.00</Quantity>
      <bIsWeighted>0</bIsWeighted>
      <UnitOfMeasure>100 מ"ל</UnitOfMeasure>
      <QtyInPackage>1</QtyInPackage>
      <ItemPrice>17.90</ItemPrice>
      <UnitOfMeasurePrice>2.71</UnitOfMeasurePrice>
      <AllowDiscount>1</AllowDiscount>
      <ItemStatus>1</ItemStatus>
    </Item>
    <Item>
      <PriceUpdateDate>2020-06-03 16:41</PriceUpdateDate>
      <ItemCode>8001090850713</ItemCode>
      <ItemType>1</ItemType>
      <ItemName>לנור מבשם ניחוח רענן140</ItemName>
      <ManufacturerName>פרוקטור אנד גמבל</ManufacturerName>
      <ManufactureCountry>GB</ManufactureCountry>
      <ManufacturerItemDescription>לנור מבשם כביסה</ManufacturerItemDescription>
      <UnitQty>גרמים</UnitQty>
      <Quantity>140.00</Quantity>
      <bIsWeighted>0</bIsWeighted>
      <UnitOfMeasure>100 גרם</UnitOfMeasure>
      <QtyInPackage>1</QtyInPackage>
      <ItemPrice>23.90</ItemPrice>
      <UnitOfMeasurePrice>17.07</UnitOfMeasurePrice>
      <AllowDiscount>1</AllowDiscount>
      <ItemStatus>1</ItemStatus>
    </Item>
    <Item>
      <PriceUpdateDate>2020-10-10 20:20</PriceUpdateDate>
      <ItemCode>8001090856005</ItemCode>
      <ItemType>1</ItemType>
      <ItemName>פנטן מרכך סופר פוד 200 מ</ItemName>
      <ManufacturerName>פרוקטר אנד גמבל</ManufacturerName>
      <ManufactureCountry>FR</ManufactureCountry>
      <ManufacturerItemDescription>פנטן מרכך הקסם</ManufacturerItemDescription>
      <UnitQty>מיליליטרים</UnitQty>
      <Quantity>200.00</Quantity>
      <bIsWeighted>0</bIsWeighted>
      <UnitOfMeasure>100 מ"ל</UnitOfMeasure>
      <QtyInPackage>1</QtyInPackage>
      <ItemPrice>17.90</ItemPrice>
      <UnitOfMeasurePrice>8.95</UnitOfMeasurePrice>
      <AllowDiscount>1</AllowDiscount>
      <ItemStatus>1</ItemStatus>
    </Item>
    <Item>
      <PriceUpdateDate>2020-10-10 20:20</PriceUpdateDate>
      <ItemCode>8001090861276</ItemCode>
      <ItemType>1</ItemType>
      <ItemName>מרכך פנטן סופר פוד 660מל</ItemName>
      <ManufacturerName>פרוקטר אנד גמבל</ManufacturerName>
      <ManufactureCountry>RO</ManufactureCountry>
      <ManufacturerItemDescription>מרכך פנטן</ManufacturerItemDescription>
      <UnitQty>מיליליטרים</UnitQty>
      <Quantity>660.00</Quantity>
      <bIsWeighted>0</bIsWeighted>
      <UnitOfMeasure>100 מ"ל</UnitOfMeasure>
      <QtyInPackage>1</QtyInPackage>
      <ItemPrice>17.90</ItemPrice>
      <UnitOfMeasurePrice>2.71</UnitOfMeasurePrice>
      <AllowDiscount>1</AllowDiscount>
      <ItemStatus>1</ItemStatus>
    </Item>
    <Item>
      <PriceUpdateDate>2020-01-20 00:14</PriceUpdateDate>
      <ItemCode>8001090883490</ItemCode>
      <ItemType>1</ItemType>
      <ItemName>הד&amp;שולדרס קולור פרפקט400</ItemName>
      <ManufacturerName>פרוקטר אנד גמבל</ManufacturerName>
      <ManufactureCountry>FR</ManufactureCountry>
      <ManufacturerItemDescription>הד&amp;שולדרס קולור</ManufacturerItemDescription>
      <UnitQty>מיליליטרים</UnitQty>
      <Quantity>400.00</Quantity>
      <bIsWeighted>0</bIsWeighted>
      <UnitOfMeasure>100 מ"ל</UnitOfMeasure>
      <QtyInPackage>1</QtyInPackage>
      <ItemPrice>24.90</ItemPrice>
      <UnitOfMeasurePrice>6.23</UnitOfMeasurePrice>
      <AllowDiscount>1</AllowDiscount>
      <ItemStatus>1</ItemStatus>
    </Item>
    <Item>
      <PriceUpdateDate>2020-06-03 16:41</PriceUpdateDate>
      <ItemCode>8001090886460</ItemCode>
      <ItemType>1</ItemType>
      <ItemName>מבשם ניחוח אביבי140גרם</ItemName>
      <ManufacturerName>פרוקטור אנד גמבל</ManufacturerName>
      <ManufactureCountry>GB</ManufactureCountry>
      <ManufacturerItemDescription>לנור מבשם כביסה</ManufacturerItemDescription>
      <UnitQty>גרמים</UnitQty>
      <Quantity>140.00</Quantity>
      <bIsWeighted>0</bIsWeighted>
      <UnitOfMeasure>100 גרם</UnitOfMeasure>
      <QtyInPackage>1</QtyInPackage>
      <ItemPrice>23.90</ItemPrice>
      <UnitOfMeasurePrice>17.07</UnitOfMeasurePrice>
      <AllowDiscount>1</AllowDiscount>
      <ItemStatus>1</ItemStatus>
    </Item>
    <Item>
      <PriceUpdateDate>2020-10-10 19:40</PriceUpdateDate>
      <ItemCode>8001090899194</ItemCode>
      <ItemType>1</ItemType>
      <ItemName>24אולוויז פלטינום נורמל</ItemName>
      <ManufacturerName>פרוקטר אנד גמבל</ManufacturerName>
      <ManufactureCountry>DE</ManufactureCountry>
      <ManufacturerItemDescription>תחבושות אולוויז</ManufacturerItemDescription>
      <UnitQty>יחידה</UnitQty>
      <Quantity>1.00</Quantity>
      <bIsWeighted>0</bIsWeighted>
      <UnitOfMeasure>יחידה</UnitOfMeasure>
      <QtyInPackage>1</QtyInPackage>
      <ItemPrice>16.90</ItemPrice>
      <UnitOfMeasurePrice>16.90</UnitOfMeasurePrice>
      <AllowDiscount>1</AllowDiscount>
      <ItemStatus>1</ItemStatus>
    </Item>
    <Item>
      <PriceUpdateDate>2020-10-10 19:40</PriceUpdateDate>
      <ItemCode>8001090899224</ItemCode>
      <ItemType>1</ItemType>
      <ItemName>20 אולוויז פלטינום לונג</ItemName>
      <ManufacturerName>פרוקטר אנד גמבל</ManufacturerName>
      <ManufactureCountry>DE</ManufactureCountry>
      <ManufacturerItemDescription>תחבושות אולוייז</ManufacturerItemDescription>
      <UnitQty>יחידה</UnitQty>
      <Quantity>1.00</Quantity>
      <bIsWeighted>0</bIsWeighted>
      <UnitOfMeasure>יחידה</UnitOfMeasure>
      <QtyInPackage>1</QtyInPackage>
      <ItemPrice>16.90</ItemPrice>
      <UnitOfMeasurePrice>16.90</UnitOfMeasurePrice>
      <AllowDiscount>1</AllowDiscount>
      <ItemStatus>1</ItemStatus>
    </Item>
    <Item>
      <PriceUpdateDate>2020-10-10 19:40</PriceUpdateDate>
      <ItemCode>8001090899255</ItemCode>
      <ItemType>1</ItemType>
      <ItemName>16 אולוויז פלטינום לילה</ItemName>
      <ManufacturerName>פרוקטר אנד גמבל</ManufacturerName>
      <ManufactureCountry>DE</ManufactureCountry>
      <ManufacturerItemDescription>תחבשות אולוויז</ManufacturerItemDescription>
      <UnitQty>יחידה</UnitQty>
      <Quantity>1.00</Quantity>
      <bIsWeighted>0</bIsWeighted>
      <UnitOfMeasure>יחידה</UnitOfMeasure>
      <QtyInPackage>1</QtyInPackage>
      <ItemPrice>16.90</ItemPrice>
      <UnitOfMeasurePrice>16.90</UnitOfMeasurePrice>
      <AllowDiscount>1</AllowDiscount>
      <ItemStatus>1</ItemStatus>
    </Item>
    <Item>
      <PriceUpdateDate>2020-10-10 19:40</PriceUpdateDate>
      <ItemCode>8001090899286</ItemCode>
      <ItemType>1</ItemType>
      <ItemName>14אולוויז פלטינום לילה</ItemName>
      <ManufacturerName>פרוקטר אנד גמבל</ManufacturerName>
      <ManufactureCountry>UA</ManufactureCountry>
      <ManufacturerItemDescription>תחבושות אולוויז</ManufacturerItemDescription>
      <UnitQty>יחידה</UnitQty>
      <Quantity>1.00</Quantity>
      <bIsWeighted>0</bIsWeighted>
      <UnitOfMeasure>יחידה</UnitOfMeasure>
      <QtyInPackage>1</QtyInPackage>
      <ItemPrice>16.90</ItemPrice>
      <UnitOfMeasurePrice>16.90</UnitOfMeasurePrice>
      <AllowDiscount>1</AllowDiscount>
      <ItemStatus>1</ItemStatus>
    </Item>
    <Item>
      <PriceUpdateDate>2020-01-20 00:21</PriceUpdateDate>
      <ItemCode>8001090967688</ItemCode>
      <ItemType>1</ItemType>
      <ItemName>26פמפרס דריי פנטס שלב5</ItemName>
      <ManufacturerName>פרוקטר אנד גמבל</ManufacturerName>
      <ManufactureCountry>US</ManufactureCountry>
      <ManufacturerItemDescription>פמפרס דריי פנטס</ManufacturerItemDescription>
      <UnitQty>יחידה</UnitQty>
      <Quantity>1.00</Quantity>
      <bIsWeighted>0</bIsWeighted>
      <UnitOfMeasure>יחידה</UnitOfMeasure>
      <QtyInPackage>1</QtyInPackage>
      <ItemPrice>37.90</ItemPrice>
      <UnitOfMeasurePrice>37.90</UnitOfMeasurePrice>
      <AllowDiscount>1</AllowDiscount>
      <ItemStatus>1</ItemStatus>
    </Item>
    <Item>
      <PriceUpdateDate>2020-01-20 00:21</PriceUpdateDate>
      <ItemCode>8001090967718</ItemCode>
      <ItemType>1</ItemType>
      <ItemName>23פמפרס דריי פנטס שלב6</ItemName>
      <ManufacturerName>פרוקטר אנד גמבל</ManufacturerName>
      <ManufactureCountry>US</ManufactureCountry>
      <ManufacturerItemDescription>פמפרס דריי פנטס</ManufacturerItemDescription>
      <UnitQty>יחידה</UnitQty>
      <Quantity>1.00</Quantity>
      <bIsWeighted>0</bIsWeighted>
      <UnitOfMeasure>יחידה</UnitOfMeasure>
      <QtyInPackage>1</QtyInPackage>
      <ItemPrice>37.90</ItemPrice>
      <UnitOfMeasurePrice>37.90</UnitOfMeasurePrice>
      <AllowDiscount>1</AllowDiscount>
      <ItemStatus>1</ItemStatus>
    </Item>
    <Item>
      <PriceUpdateDate>2020-01-20 00:09</PriceUpdateDate>
      <ItemCode>8001160001786</ItemCode>
      <ItemType>1</ItemType>
      <ItemName>גטורייד כחול</ItemName>
      <ManufacturerName />
      <ManufactureCountry>IT</ManufactureCountry>
      <ManufacturerItemDescription>גטורייד כחול</ManufacturerItemDescription>
      <UnitQty>מיליליטרים</UnitQty>
      <Quantity>500.00</Quantity>
      <bIsWeighted>0</bIsWeighted>
      <UnitOfMeasure>100 מ"ל</UnitOfMeasure>
      <QtyInPackage>0</QtyInPackage>
      <ItemPrice>9.90</ItemPrice>
      <UnitOfMeasurePrice>1.98</UnitOfMeasurePrice>
      <AllowDiscount>1</AllowDiscount>
      <ItemStatus>1</ItemStatus>
    </Item>
    <Item>
      <PriceUpdateDate>2020-01-20 00:14</PriceUpdateDate>
      <ItemCode>8001359009951</ItemCode>
      <ItemType>1</ItemType>
      <ItemName>קרם ידיים אבוקדו150 מ"ל</ItemName>
      <ManufacturerName>פאר פארם.</ManufacturerName>
      <ManufactureCountry>IL</ManufactureCountry>
      <ManufacturerItemDescription>קרם ידיים</ManufacturerItemDescription>
      <UnitQty>מיליליטרים</UnitQty>
      <Quantity>150.00</Quantity>
      <bIsWeighted>0</bIsWeighted>
      <UnitOfMeasure>100 מ"ל</UnitOfMeasure>
      <QtyInPackage>0</QtyInPackage>
      <ItemPrice>14.90</ItemPrice>
      <UnitOfMeasurePrice>9.93</UnitOfMeasurePrice>
      <AllowDiscount>1</AllowDiscount>
      <ItemStatus>1</ItemStatus>
    </Item>
    <Item>
      <PriceUpdateDate>2020-01-20 00:13</PriceUpdateDate>
      <ItemCode>8001359108319</ItemCode>
      <ItemType>1</ItemType>
      <ItemName>קרם לחות יום 50 מ"ל</ItemName>
      <ManufacturerName>ספא פארמה</ManufacturerName>
      <ManufactureCountry>IL</ManufactureCountry>
      <ManufacturerItemDescription>קרם לחות יום</ManufacturerItemDescription>
      <UnitQty>מיליליטרים</UnitQty>
      <Quantity>50.00</Quantity>
      <bIsWeighted>0</bIsWeighted>
      <UnitOfMeasure>100 מ"ל</UnitOfMeasure>
      <QtyInPackage>0</QtyInPackage>
      <ItemPrice>19.90</ItemPrice>
      <UnitOfMeasurePrice>39.80</UnitOfMeasurePrice>
      <AllowDiscount>1</AllowDiscount>
      <ItemStatus>1</ItemStatus>
    </Item>
    <Item>
      <PriceUpdateDate>2020-03-06 05:39</PriceUpdateDate>
      <ItemCode>8001359108333</ItemCode>
      <ItemType>1</ItemType>
      <ItemName>קרם אנטי אייג'נג ים המלח</ItemName>
      <ManufacturerName>פאר פארם.</ManufacturerName>
      <ManufactureCountry>IL</ManufactureCountry>
      <ManufacturerItemDescription>קרם אנטי איי'ינג</ManufacturerItemDescription>
      <UnitQty>מיליליטרים</UnitQty>
      <Quantity>50.00</Quantity>
      <bIsWeighted>0</bIsWeighted>
      <UnitOfMeasure>100 מ"ל</UnitOfMeasure>
      <QtyInPackage>0</QtyInPackage>
      <ItemPrice>29.90</ItemPrice>
      <UnitOfMeasurePrice>59.80</UnitOfMeasurePrice>
      <AllowDiscount>1</AllowDiscount>
      <ItemStatus>1</ItemStatus>
    </Item>
    <Item>
      <PriceUpdateDate>2020-01-20 00:13</PriceUpdateDate>
      <ItemCode>8001359108357</ItemCode>
      <ItemType>1</ItemType>
      <ItemName>קרם עיניים אינטנסיבי30מל</ItemName>
      <ManufacturerName>ספא פארמה</ManufacturerName>
      <ManufactureCountry>IL</ManufactureCountry>
      <ManufacturerItemDescription>קרם עיניים</ManufacturerItemDescription>
      <UnitQty>מיליליטרים</UnitQty>
      <Quantity>30.00</Quantity>
      <bIsWeighted>0</bIsWeighted>
      <UnitOfMeasure>100 מ"ל</UnitOfMeasure>
      <QtyInPackage>0</QtyInPackage>
      <ItemPrice>24.90</ItemPrice>
      <UnitOfMeasurePrice>83.00</UnitOfMeasurePrice>
      <AllowDiscount>1</AllowDiscount>
      <ItemStatus>1</ItemStatus>
    </Item>
    <Item>
      <PriceUpdateDate>2020-01-20 00:13</PriceUpdateDate>
      <ItemCode>8001359108579</ItemCode>
      <ItemType>1</ItemType>
      <ItemName>סרום פנים אנטי אייג'ינג</ItemName>
      <ManufacturerName>פאר פארם.</ManufacturerName>
      <ManufactureCountry>IL</ManufactureCountry>
      <ManufacturerItemDescription>סרום פנים ים המל</ManufacturerItemDescription>
      <UnitQty>יחידה</UnitQty>
      <Quantity>1.00</Quantity>
      <bIsWeighted>0</bIsWeighted>
      <UnitOfMeasure>יחידה</UnitOfMeasure>
      <QtyInPackage>0</QtyInPackage>
      <ItemPrice>19.90</ItemPrice>
      <UnitOfMeasurePrice>19.90</UnitOfMeasurePrice>
      <AllowDiscount>1</AllowDiscount>
      <ItemStatus>1</ItemStatus>
    </Item>
    <Item>
      <PriceUpdateDate>2020-01-20 00:14</PriceUpdateDate>
      <ItemCode>8001359108593</ItemCode>
      <ItemType>1</ItemType>
      <ItemName>ספא פארמה קרם רגליים100מ</ItemName>
      <ManufacturerName>ספא פארמה</ManufacturerName>
      <ManufactureCountry>IL</ManufactureCountry>
      <ManufacturerItemDescription>קרם רגליים</ManufacturerItemDescription>
      <UnitQty>מיליליטרים</UnitQty>
      <Quantity>100.00</Quantity>
      <bIsWeighted>0</bIsWeighted>
      <UnitOfMeasure>100 מ"ל</UnitOfMeasure>
      <QtyInPackage>0</QtyInPackage>
      <ItemPrice>8.90</ItemPrice>
      <UnitOfMeasurePrice>8.90</UnitOfMeasurePrice>
      <AllowDiscount>1</AllowDiscount>
      <ItemStatus>1</ItemStatus>
    </Item>
    <Item>
      <PriceUpdateDate>2020-01-20 00:14</PriceUpdateDate>
      <ItemCode>8001359108609</ItemCode>
      <ItemType>1</ItemType>
      <ItemName>קרם ידיים ספא פארמה 100</ItemName>
      <ManufacturerName>ספא פארמה</ManufacturerName>
      <ManufactureCountry>IL</ManufactureCountry>
      <ManufacturerItemDescription>קרם ידיים</ManufacturerItemDescription>
      <UnitQty>מיליליטרים</UnitQty>
      <Quantity>100.00</Quantity>
      <bIsWeighted>0</bIsWeighted>
      <UnitOfMeasure>100 מ"ל</UnitOfMeasure>
      <QtyInPackage>0</QtyInPackage>
      <ItemPrice>8.90</ItemPrice>
      <UnitOfMeasurePrice>8.90</UnitOfMeasurePrice>
      <AllowDiscount>1</AllowDiscount>
      <ItemStatus>1</ItemStatus>
    </Item>
    <Item>
      <PriceUpdateDate>2020-01-20 00:14</PriceUpdateDate>
      <ItemCode>8001359108654</ItemCode>
      <ItemType>1</ItemType>
      <ItemName>קרם לחות לפנים 250 מ"ל</ItemName>
      <ManufacturerName>אנדראה טיפוח</ManufacturerName>
      <ManufactureCountry>IL</ManufactureCountry>
      <ManufacturerItemDescription>ק.לחות לפנים 250</ManufacturerItemDescription>
      <UnitQty>מיליליטרים</UnitQty>
      <Quantity>250.00</Quantity>
      <bIsWeighted>0</bIsWeighted>
      <UnitOfMeasure>100 מ"ל</UnitOfMeasure>
      <QtyInPackage>0</QtyInPackage>
      <ItemPrice>24.90</ItemPrice>
      <UnitOfMeasurePrice>9.96</UnitOfMeasurePrice>
      <AllowDiscount>1</AllowDiscount>
      <ItemStatus>1</ItemStatus>
    </Item>
    <Item>
      <PriceUpdateDate>2020-01-20 00:09</PriceUpdateDate>
      <ItemCode>8001620011935</ItemCode>
      <ItemType>1</ItemType>
      <ItemName>סאן בנדטו 6 יח'</ItemName>
      <ManufacturerName />
      <ManufactureCountry>IT</ManufactureCountry>
      <ManufacturerItemDescription>סאן בנדטו 6 יח'</ManufacturerItemDescription>
      <UnitQty>ליטרים</UnitQty>
      <Quantity>3.00</Quantity>
      <bIsWeighted>0</bIsWeighted>
      <UnitOfMeasure>ליטר</UnitOfMeasure>
      <QtyInPackage>0</QtyInPackage>
      <ItemPrice>16.50</ItemPrice>
      <UnitOfMeasurePrice>5.50</UnitOfMeasurePrice>
      <AllowDiscount>1</AllowDiscount>
      <ItemStatus>1</ItemStatus>
    </Item>
    <Item>
      <PriceUpdateDate>2020-01-20 00:14</PriceUpdateDate>
      <ItemCode>8001841053684</ItemCode>
      <ItemType>1</ItemType>
      <ItemName>12תחב.אולוויז עבה לונג+</ItemName>
      <ManufacturerName>פרוקטר אנד גמבל )ראה קוד</ManufacturerName>
      <ManufactureCountry>UA</ManufactureCountry>
      <ManufacturerItemDescription>תחבושות אולוויז</ManufacturerItemDescription>
      <UnitQty>יחידה</UnitQty>
      <Quantity>1.00</Quantity>
      <bIsWeighted>0</bIsWeighted>
      <UnitOfMeasure>יחידה</UnitOfMeasure>
      <QtyInPackage>1</QtyInPackage>
      <ItemPrice>13.90</ItemPrice>
      <UnitOfMeasurePrice>13.90</UnitOfMeasurePrice>
      <AllowDiscount>1</AllowDiscount>
      <ItemStatus>1</ItemStatus>
    </Item>
    <Item>
      <PriceUpdateDate>2020-01-20 00:14</PriceUpdateDate>
      <ItemCode>8001841053806</ItemCode>
      <ItemType>1</ItemType>
      <ItemName>9תחבוש.אולוויז עבות לילה</ItemName>
      <ManufacturerName>פרוקטר אנד גמבל</ManufacturerName>
      <ManufactureCountry>DE</ManufactureCountry>
      <ManufacturerItemDescription>תחבושות אולוויז</ManufacturerItemDescription>
      <UnitQty>יחידה</UnitQty>
      <Quantity>1.00</Quantity>
      <bIsWeighted>0</bIsWeighted>
      <UnitOfMeasure>יחידה</UnitOfMeasure>
      <QtyInPackage>1</QtyInPackage>
      <ItemPrice>13.90</ItemPrice>
      <UnitOfMeasurePrice>13.90</UnitOfMeasurePrice>
      <AllowDiscount>1</AllowDiscount>
      <ItemStatus>1</ItemStatus>
    </Item>
    <Item>
      <PriceUpdateDate>2020-10-10 20:20</PriceUpdateDate>
      <ItemCode>8001841077949</ItemCode>
      <ItemType>1</ItemType>
      <ItemName>מגבוני פמפרס פרש 52*4 יח</ItemName>
      <ManufacturerName>פרוקטר אנד גמבל</ManufacturerName>
      <ManufactureCountry>DE</ManufactureCountry>
      <ManufacturerItemDescription>מגבוני פמפרס 4יח</ManufacturerItemDescription>
      <UnitQty>יחידה</UnitQty>
      <Quantity>1.00</Quantity>
      <bIsWeighted>0</bIsWeighted>
      <UnitOfMeasure>יחידה</UnitOfMeasure>
      <QtyInPackage>1</QtyInPackage>
      <ItemPrice>14.90</ItemPrice>
      <UnitOfMeasurePrice>14.90</UnitOfMeasurePrice>
      <AllowDiscount>1</AllowDiscount>
      <ItemStatus>1</ItemStatus>
    </Item>
    <Item>
      <PriceUpdateDate>2020-01-20 00:21</PriceUpdateDate>
      <ItemCode>8001841104614</ItemCode>
      <ItemType>1</ItemType>
      <ItemName>26פמפרס פרימיום שלב 1</ItemName>
      <ManufacturerName>פרוקטר אנד גמבל</ManufacturerName>
      <ManufactureCountry>US</ManufactureCountry>
      <ManufacturerItemDescription>פמפרס פרימיום אר</ManufacturerItemDescription>
      <UnitQty>יחידה</UnitQty>
      <Quantity>1.00</Quantity>
      <bIsWeighted>0</bIsWeighted>
      <UnitOfMeasure>יחידה</UnitOfMeasure>
      <QtyInPackage>1</QtyInPackage>
      <ItemPrice>20.90</ItemPrice>
      <UnitOfMeasurePrice>20.90</UnitOfMeasurePrice>
      <AllowDiscount>1</AllowDiscount>
      <ItemStatus>1</ItemStatus>
    </Item>
    <Item>
      <PriceUpdateDate>2020-01-20 00:14</PriceUpdateDate>
      <ItemCode>8001841198347</ItemCode>
      <ItemType>1</ItemType>
      <ItemName>דאו.ג'ילט קול וויב 150מל</ItemName>
      <ManufacturerName>פרוקטר אנד גמבל</ManufacturerName>
      <ManufactureCountry>GB</ManufactureCountry>
      <ManufacturerItemDescription>דאודורנט ג'ילט</ManufacturerItemDescription>
      <UnitQty>מיליליטרים</UnitQty>
      <Quantity>150.00</Quantity>
      <bIsWeighted>0</bIsWeighted>
      <UnitOfMeasure>100 מ"ל</UnitOfMeasure>
      <QtyInPackage>1</QtyInPackage>
      <ItemPrice>19.90</ItemPrice>
      <UnitOfMeasurePrice>13.27</UnitOfMeasurePrice>
      <AllowDiscount>1</AllowDiscount>
      <ItemStatus>1</ItemStatus>
    </Item>
    <Item>
      <PriceUpdateDate>2020-01-20 00:14</PriceUpdateDate>
      <ItemCode>8001841198446</ItemCode>
      <ItemType>1</ItemType>
      <ItemName>דאו.ספריי ג'ילט פאוור150</ItemName>
      <ManufacturerName>פרוקטר אנד גמבל</ManufacturerName>
      <ManufactureCountry>GB</ManufactureCountry>
      <ManufacturerItemDescription>דאודורנט ג'ילט</ManufacturerItemDescription>
      <UnitQty>מיליליטרים</UnitQty>
      <Quantity>150.00</Quantity>
      <bIsWeighted>0</bIsWeighted>
      <UnitOfMeasure>100 מ"ל</UnitOfMeasure>
      <QtyInPackage>1</QtyInPackage>
      <ItemPrice>19.90</ItemPrice>
      <UnitOfMeasurePrice>13.27</UnitOfMeasurePrice>
      <AllowDiscount>1</AllowDiscount>
      <ItemStatus>1</ItemStatus>
    </Item>
    <Item>
      <PriceUpdateDate>2020-10-10 20:20</PriceUpdateDate>
      <ItemCode>8001841226224</ItemCode>
      <ItemType>1</ItemType>
      <ItemName>ש.הד&amp;שולדרס מן אולטרה540</ItemName>
      <ManufacturerName>פרוקטר אנד גמבל</ManufacturerName>
      <ManufactureCountry>RO</ManufactureCountry>
      <ManufacturerItemDescription>שמפו הד&amp;שולדרס</ManufacturerItemDescription>
      <UnitQty>מיליליטרים</UnitQty>
      <Quantity>540.00</Quantity>
      <bIsWeighted>0</bIsWeighted>
      <UnitOfMeasure>100 מ"ל</UnitOfMeasure>
      <QtyInPackage>1</QtyInPackage>
      <ItemPrice>19.90</ItemPrice>
      <UnitOfMeasurePrice>3.68</UnitOfMeasurePrice>
      <AllowDiscount>1</AllowDiscount>
      <ItemStatus>1</ItemStatus>
    </Item>
    <Item>
      <PriceUpdateDate>2020-10-10 20:20</PriceUpdateDate>
      <ItemCode>8001841226347</ItemCode>
      <ItemType>1</ItemType>
      <ItemName>הד&amp;שולדרס מן אולטרה 540מ</ItemName>
      <ManufacturerName>פרוקטר אנד גמבל</ManufacturerName>
      <ManufactureCountry>RO</ManufactureCountry>
      <ManufacturerItemDescription>שמפו הד&amp;שולדרס</ManufacturerItemDescription>
      <UnitQty>מיליליטרים</UnitQty>
      <Quantity>540.00</Quantity>
      <bIsWeighted>0</bIsWeighted>
      <UnitOfMeasure>100 מ"ל</UnitOfMeasure>
      <QtyInPackage>1</QtyInPackage>
      <ItemPrice>19.90</ItemPrice>
      <UnitOfMeasurePrice>3.68</UnitOfMeasurePrice>
      <AllowDiscount>1</AllowDiscount>
      <ItemStatus>1</ItemStatus>
    </Item>
    <Item>
      <PriceUpdateDate>2020-01-20 00:21</PriceUpdateDate>
      <ItemCode>8001841312118</ItemCode>
      <ItemType>1</ItemType>
      <ItemName>לנור מבשם נ.יסמין 210 גר</ItemName>
      <ManufacturerName>---</ManufacturerName>
      <ManufactureCountry>GB</ManufactureCountry>
      <ManufacturerItemDescription>לנור מבשם כביסה</ManufacturerItemDescription>
      <UnitQty>גרמים</UnitQty>
      <Quantity>210.00</Quantity>
      <bIsWeighted>0</bIsWeighted>
      <UnitOfMeasure>100 גרם</UnitOfMeasure>
      <QtyInPackage>1</QtyInPackage>
      <ItemPrice>37.90</ItemPrice>
      <UnitOfMeasurePrice>18.05</UnitOfMeasurePrice>
      <AllowDiscount>1</AllowDiscount>
      <ItemStatus>1</ItemStatus>
    </Item>
    <Item>
      <PriceUpdateDate>2020-10-10 20:20</PriceUpdateDate>
      <ItemCode>8001841317861</ItemCode>
      <ItemType>1</ItemType>
      <ItemName>מרכך לנור אוקיינוס 900מל</ItemName>
      <ManufacturerName>---</ManufacturerName>
      <ManufactureCountry>US</ManufactureCountry>
      <ManufacturerItemDescription>לנור מרכך מרוכז</ManufacturerItemDescription>
      <UnitQty>מיליליטרים</UnitQty>
      <Quantity>900.00</Quantity>
      <bIsWeighted>0</bIsWeighted>
      <UnitOfMeasure>100 מ"ל</UnitOfMeasure>
      <QtyInPackage>1</QtyInPackage>
      <ItemPrice>12.90</ItemPrice>
      <UnitOfMeasurePrice>1.43</UnitOfMeasurePrice>
      <AllowDiscount>1</AllowDiscount>
      <ItemStatus>1</ItemStatus>
    </Item>
    <Item>
      <PriceUpdateDate>2020-10-10 20:20</PriceUpdateDate>
      <ItemCode>8001841317892</ItemCode>
      <ItemType>1</ItemType>
      <ItemName>לנור מרכך נ.סחלב 900 מ"ל</ItemName>
      <ManufacturerName>---</ManufacturerName>
      <ManufactureCountry>US</ManufactureCountry>
      <ManufacturerItemDescription>לנור מרכך כביסה</ManufacturerItemDescription>
      <UnitQty>מיליליטרים</UnitQty>
      <Quantity>900.00</Quantity>
      <bIsWeighted>0</bIsWeighted>
      <UnitOfMeasure>100 מ"ל</UnitOfMeasure>
      <QtyInPackage>1</QtyInPackage>
      <ItemPrice>12.90</ItemPrice>
      <UnitOfMeasurePrice>1.43</UnitOfMeasurePrice>
      <AllowDiscount>1</AllowDiscount>
      <ItemStatus>1</ItemStatus>
    </Item>
    <Item>
      <PriceUpdateDate>2020-10-10 20:20</PriceUpdateDate>
      <ItemCode>8001841410524</ItemCode>
      <ItemType>1</ItemType>
      <ItemName>שמפו הד&amp;שולדרס קוקוס600מ</ItemName>
      <ManufacturerName>פרוקטר אנד גמבל</ManufacturerName>
      <ManufactureCountry>RO</ManufactureCountry>
      <ManufacturerItemDescription>שמפו הד&amp;שולדרס</ManufacturerItemDescription>
      <UnitQty>מיליליטרים</UnitQty>
      <Quantity>600.00</Quantity>
      <bIsWeighted>0</bIsWeighted>
      <UnitOfMeasure>100 מ"ל</UnitOfMeasure>
      <QtyInPackage>1</QtyInPackage>
      <ItemPrice>19.90</ItemPrice>
      <UnitOfMeasurePrice>3.32</UnitOfMeasurePrice>
      <AllowDiscount>1</AllowDiscount>
      <ItemStatus>1</ItemStatus>
    </Item>
    <Item>
      <PriceUpdateDate>2020-04-03 05:41</PriceUpdateDate>
      <ItemCode>8001841410579</ItemCode>
      <ItemType>1</ItemType>
      <ItemName>קונד.הד&amp;שולדרס קוקוס275מ</ItemName>
      <ManufacturerName>פרוקטר אנד גמבל</ManufacturerName>
      <ManufactureCountry>RO</ManufactureCountry>
      <ManufacturerItemDescription>קונדיש.הד&amp;שולדרס</ManufacturerItemDescription>
      <UnitQty>מיליליטרים</UnitQty>
      <Quantity>275.00</Quantity>
      <bIsWeighted>0</bIsWeighted>
      <UnitOfMeasure>100 מ"ל</UnitOfMeasure>
      <QtyInPackage>1</QtyInPackage>
      <ItemPrice>17.90</ItemPrice>
      <UnitOfMeasurePrice>6.51</UnitOfMeasurePrice>
      <AllowDiscount>1</AllowDiscount>
      <ItemStatus>1</ItemStatus>
    </Item>
    <Item>
      <PriceUpdateDate>2020-05-08 05:39</PriceUpdateDate>
      <ItemCode>8001841623061</ItemCode>
      <ItemType>1</ItemType>
      <ItemName>21פמפרס בייבי דריי שלב1</ItemName>
      <ManufacturerName>פרוקטר אנד גמבל</ManufacturerName>
      <ManufactureCountry>PL</ManufactureCountry>
      <ManufacturerItemDescription>פמפרס בייבי</ManufacturerItemDescription>
      <UnitQty>יחידה</UnitQty>
      <Quantity>1.00</Quantity>
      <bIsWeighted>0</bIsWeighted>
      <UnitOfMeasure>יחידה</UnitOfMeasure>
      <QtyInPackage>1</QtyInPackage>
      <ItemPrice>13.90</ItemPrice>
      <UnitOfMeasurePrice>13.90</UnitOfMeasurePrice>
      <AllowDiscount>1</AllowDiscount>
      <ItemStatus>1</ItemStatus>
    </Item>
    <Item>
      <PriceUpdateDate>2020-01-20 00:09</PriceUpdateDate>
      <ItemCode>8002270566622</ItemCode>
      <ItemType>1</ItemType>
      <ItemName>סן פלגרינו משקה תפוזים מ</ItemName>
      <ManufacturerName>סן פלגרינו</ManufacturerName>
      <ManufactureCountry>IT</ManufactureCountry>
      <ManufacturerItemDescription>משקה תפוזים אורג</ManufacturerItemDescription>
      <UnitQty>מיליליטרים</UnitQty>
      <Quantity>200.00</Quantity>
      <bIsWeighted>0</bIsWeighted>
      <UnitOfMeasure>100 מ"ל</UnitOfMeasure>
      <QtyInPackage>1</QtyInPackage>
      <ItemPrice>7.00</ItemPrice>
      <UnitOfMeasurePrice>3.50</UnitOfMeasurePrice>
      <AllowDiscount>1</AllowDiscount>
      <ItemStatus>1</ItemStatus>
    </Item>
    <Item>
      <PriceUpdateDate>2020-01-20 00:09</PriceUpdateDate>
      <ItemCode>80050124</ItemCode>
      <ItemType>1</ItemType>
      <ItemName>טיק טק סוכריות מנטה16גרם</ItemName>
      <ManufacturerName>פררו</ManufacturerName>
      <ManufactureCountry>ZA</ManufactureCountry>
      <ManufacturerItemDescription>סוכריות טיק טק</ManufacturerItemDescription>
      <UnitQty>גרמים</UnitQty>
      <Quantity>16.00</Quantity>
      <bIsWeighted>0</bIsWeighted>
      <UnitOfMeasure>100 גרם</UnitOfMeasure>
      <QtyInPackage>0</QtyInPackage>
      <ItemPrice>3.90</ItemPrice>
      <UnitOfMeasurePrice>24.38</UnitOfMeasurePrice>
      <AllowDiscount>1</AllowDiscount>
      <ItemStatus>1</ItemStatus>
    </Item>
    <Item>
      <PriceUpdateDate>2020-01-20 00:09</PriceUpdateDate>
      <ItemCode>8005200486526</ItemCode>
      <ItemType>1</ItemType>
      <ItemName>נסטי בטעם אפרסק 500 מ"ל</ItemName>
      <ManufacturerName>סן-פלגרינו</ManufacturerName>
      <ManufactureCountry>IT</ManufactureCountry>
      <ManufacturerItemDescription>נסטי בטעם אפרסק</ManufacturerItemDescription>
      <UnitQty>מיליליטרים</UnitQty>
      <Quantity>500.00</Quantity>
      <bIsWeighted>0</bIsWeighted>
      <UnitOfMeasure>100 מ"ל</UnitOfMeasure>
      <QtyInPackage>0</QtyInPackage>
      <ItemPrice>5.00</ItemPrice>
      <UnitOfMeasurePrice>1.00</UnitOfMeasurePrice>
      <AllowDiscount>1</AllowDiscount>
      <ItemStatus>1</ItemStatus>
    </Item>
    <Item>
      <PriceUpdateDate>2020-01-20 00:09</PriceUpdateDate>
      <ItemCode>8010445003308</ItemCode>
      <ItemType>1</ItemType>
      <ItemName>שמן זית כתית מעולה 750 מ</ItemName>
      <ManufacturerName>CLEMENTE OLEARIA</ManufacturerName>
      <ManufactureCountry>IT</ManufactureCountry>
      <ManufacturerItemDescription>שמן זית</ManufacturerItemDescription>
      <UnitQty>גרמים</UnitQty>
      <Quantity>750.00</Quantity>
      <bIsWeighted>0</bIsWeighted>
      <UnitOfMeasure>100 גרם</UnitOfMeasure>
      <QtyInPackage>0</QtyInPackage>
      <ItemPrice>45.70</ItemPrice>
      <UnitOfMeasurePrice>6.09</UnitOfMeasurePrice>
      <AllowDiscount>1</AllowDiscount>
      <ItemStatus>1</ItemStatus>
    </Item>
    <Item>
      <PriceUpdateDate>2020-10-10 22:40</PriceUpdateDate>
      <ItemCode>8011003997022</ItemCode>
      <ItemType>1</ItemType>
      <ItemName>ורסצ'ה ורסנס אדט</ItemName>
      <ManufacturerName>לילית בישום</ManufacturerName>
      <ManufactureCountry>IL</ManufactureCountry>
      <ManufacturerItemDescription>ורסצ'ה ורסנס אדט</ManufacturerItemDescription>
      <UnitQty>מיליליטרים</UnitQty>
      <Quantity>100.00</Quantity>
      <bIsWeighted>0</bIsWeighted>
      <UnitOfMeasure>100 מ"ל</UnitOfMeasure>
      <QtyInPackage>0</QtyInPackage>
      <ItemPrice>199.00</ItemPrice>
      <UnitOfMeasurePrice>199.00</UnitOfMeasurePrice>
      <AllowDiscount>1</AllowDiscount>
      <ItemStatus>1</ItemStatus>
    </Item>
    <Item>
      <PriceUpdateDate>2020-01-20 00:13</PriceUpdateDate>
      <ItemCode>8011530820022</ItemCode>
      <ItemType>1</ItemType>
      <ItemName>DONNA  TRUSSARDI א.ד.פ</ItemName>
      <ManufacturerName>לילית בישום</ManufacturerName>
      <ManufactureCountry>FR</ManufactureCountry>
      <ManufacturerItemDescription>DONNA  TRUSSARDI</ManufacturerItemDescription>
      <UnitQty>מיליליטרים</UnitQty>
      <Quantity>100.00</Quantity>
      <bIsWeighted>0</bIsWeighted>
      <UnitOfMeasure>100 מ"ל</UnitOfMeasure>
      <QtyInPackage>1</QtyInPackage>
      <ItemPrice>399.00</ItemPrice>
      <UnitOfMeasurePrice>399.00</UnitOfMeasurePrice>
      <AllowDiscount>1</AllowDiscount>
      <ItemStatus>1</ItemStatus>
    </Item>
    <Item>
      <PriceUpdateDate>2020-01-20 00:09</PriceUpdateDate>
      <ItemCode>80177609</ItemCode>
      <ItemType>1</ItemType>
      <ItemName>אצבעות שוקולד קינדר50גרם</ItemName>
      <ManufacturerName>פררו</ManufacturerName>
      <ManufactureCountry>IT</ManufactureCountry>
      <ManufacturerItemDescription>אצבעות קינדר</ManufacturerItemDescription>
      <UnitQty>גרמים</UnitQty>
      <Quantity>50.00</Quantity>
      <bIsWeighted>0</bIsWeighted>
      <UnitOfMeasure>100 גרם</UnitOfMeasure>
      <QtyInPackage>0</QtyInPackage>
      <ItemPrice>5.00</ItemPrice>
      <UnitOfMeasurePrice>10.00</UnitOfMeasurePrice>
      <AllowDiscount>1</AllowDiscount>
      <ItemStatus>1</ItemStatus>
    </Item>
    <Item>
      <PriceUpdateDate>2020-10-10 22:40</PriceUpdateDate>
      <ItemCode>8018365070264</ItemCode>
      <ItemType>1</ItemType>
      <ItemName>קריס נואר אדפ</ItemName>
      <ManufacturerName>לילית בישום</ManufacturerName>
      <ManufactureCountry>IL</ManufactureCountry>
      <ManufacturerItemDescription>קריס נואר אדפ</ManufacturerItemDescription>
      <UnitQty>מיליליטרים</UnitQty>
      <Quantity>50.00</Quantity>
      <bIsWeighted>0</bIsWeighted>
      <UnitOfMeasure>100 מ"ל</UnitOfMeasure>
      <QtyInPackage>0</QtyInPackage>
      <ItemPrice>219.00</ItemPrice>
      <UnitOfMeasurePrice>438.00</UnitOfMeasurePrice>
      <AllowDiscount>1</AllowDiscount>
      <ItemStatus>1</ItemStatus>
    </Item>
    <Item>
      <PriceUpdateDate>2020-10-10 22:40</PriceUpdateDate>
      <ItemCode>8018365071469</ItemCode>
      <ItemType>1</ItemType>
      <ItemName>NOIR CRYSTAL א.ד.ט לאשה</ItemName>
      <ManufacturerName>לילית בישום</ManufacturerName>
      <ManufactureCountry>IL</ManufactureCountry>
      <ManufacturerItemDescription>NOIR CRYSTAL</ManufacturerItemDescription>
      <UnitQty>מיליליטרים</UnitQty>
      <Quantity>90.00</Quantity>
      <bIsWeighted>0</bIsWeighted>
      <UnitOfMeasure>100 מ"ל</UnitOfMeasure>
      <QtyInPackage>0</QtyInPackage>
      <ItemPrice>299.00</ItemPrice>
      <UnitOfMeasurePrice>332.22</UnitOfMeasurePrice>
      <AllowDiscount>1</AllowDiscount>
      <ItemStatus>1</ItemStatus>
    </Item>
    <Item>
      <PriceUpdateDate>2020-01-20 00:09</PriceUpdateDate>
      <ItemCode>8076800195057</ItemCode>
      <ItemType>1</ItemType>
      <ItemName>ספגטיני מס' 5 ברילה500גר</ItemName>
      <ManufacturerName>ברילה</ManufacturerName>
      <ManufactureCountry>IT</ManufactureCountry>
      <ManufacturerItemDescription>ספגטי מס 5 ברילה</ManufacturerItemDescription>
      <UnitQty>גרמים</UnitQty>
      <Quantity>500.00</Quantity>
      <bIsWeighted>0</bIsWeighted>
      <UnitOfMeasure>100 גרם</UnitOfMeasure>
      <QtyInPackage>0</QtyInPackage>
      <ItemPrice>11.90</ItemPrice>
      <UnitOfMeasurePrice>2.38</UnitOfMeasurePrice>
      <AllowDiscount>1</AllowDiscount>
      <ItemStatus>1</ItemStatus>
    </Item>
    <Item>
      <PriceUpdateDate>2020-01-20 00:09</PriceUpdateDate>
      <ItemCode>80773429</ItemCode>
      <ItemType>1</ItemType>
      <ItemName>מסטיק מנטוס בקבוק תות60ג</ItemName>
      <ManufacturerName>פרפטי ואן מלה ג'ידה,סאן</ManufacturerName>
      <ManufactureCountry>TR</ManufactureCountry>
      <ManufacturerItemDescription>מנטוס בקבוק</ManufacturerItemDescription>
      <UnitQty>גרמים</UnitQty>
      <Quantity>60.00</Quantity>
      <bIsWeighted>0</bIsWeighted>
      <UnitOfMeasure>100 גרם</UnitOfMeasure>
      <QtyInPackage>1</QtyInPackage>
      <ItemPrice>9.90</ItemPrice>
      <UnitOfMeasurePrice>16.50</UnitOfMeasurePrice>
      <AllowDiscount>1</AllowDiscount>
      <ItemStatus>1</ItemStatus>
    </Item>
    <Item>
      <PriceUpdateDate>2020-03-15 10:13</PriceUpdateDate>
      <ItemCode>80776307</ItemCode>
      <ItemType>1</ItemType>
      <ItemName>מסטיק פירות מנטה בקבוק90</ItemName>
      <ManufacturerName>---</ManufacturerName>
      <ManufactureCountry>TR</ManufactureCountry>
      <ManufacturerItemDescription>מסטיק מנטוס</ManufacturerItemDescription>
      <UnitQty>גרמים</UnitQty>
      <Quantity>90.00</Quantity>
      <bIsWeighted>0</bIsWeighted>
      <UnitOfMeasure>100 גרם</UnitOfMeasure>
      <QtyInPackage>1</QtyInPackage>
      <ItemPrice>19.90</ItemPrice>
      <UnitOfMeasurePrice>22.11</UnitOfMeasurePrice>
      <AllowDiscount>1</AllowDiscount>
      <ItemStatus>1</ItemStatus>
    </Item>
    <Item>
      <PriceUpdateDate>2020-03-15 10:13</PriceUpdateDate>
      <ItemCode>80804697</ItemCode>
      <ItemType>1</ItemType>
      <ItemName>מסטיק מנטוס מנטה מתוקה</ItemName>
      <ManufacturerName>פרפטי ואן מלה</ManufacturerName>
      <ManufactureCountry>TR</ManufactureCountry>
      <ManufacturerItemDescription>מסטיק מנטוס</ManufacturerItemDescription>
      <UnitQty>גרמים</UnitQty>
      <Quantity>105.00</Quantity>
      <bIsWeighted>0</bIsWeighted>
      <UnitOfMeasure>100 גרם</UnitOfMeasure>
      <QtyInPackage>1</QtyInPackage>
      <ItemPrice>19.90</ItemPrice>
      <UnitOfMeasurePrice>18.95</UnitOfMeasurePrice>
      <AllowDiscount>1</AllowDiscount>
      <ItemStatus>1</ItemStatus>
    </Item>
    <Item>
      <PriceUpdateDate>2020-01-20 00:09</PriceUpdateDate>
      <ItemCode>80913467</ItemCode>
      <ItemType>1</ItemType>
      <ItemName>מסטיק מנטוס מנטה בקבוק60</ItemName>
      <ManufacturerName>פרפטי ואן מלה</ManufacturerName>
      <ManufactureCountry>TR</ManufactureCountry>
      <ManufacturerItemDescription>מסטיק מנטוס</ManufacturerItemDescription>
      <UnitQty>גרמים</UnitQty>
      <Quantity>60.00</Quantity>
      <bIsWeighted>0</bIsWeighted>
      <UnitOfMeasure>100 גרם</UnitOfMeasure>
      <QtyInPackage>1</QtyInPackage>
      <ItemPrice>9.90</ItemPrice>
      <UnitOfMeasurePrice>16.50</UnitOfMeasurePrice>
      <AllowDiscount>1</AllowDiscount>
      <ItemStatus>1</ItemStatus>
    </Item>
    <Item>
      <PriceUpdateDate>2020-01-20 00:14</PriceUpdateDate>
      <ItemCode>815151020711</ItemCode>
      <ItemType>1</ItemType>
      <ItemName>מסלסל אמיקה 25 ממ יח'</ItemName>
      <ManufacturerName>כללי</ManufacturerName>
      <ManufactureCountry>IL</ManufactureCountry>
      <ManufacturerItemDescription>מסלסל אמיקה 25 מ</ManufacturerItemDescription>
      <UnitQty>יחידה</UnitQty>
      <Quantity>1.00</Quantity>
      <bIsWeighted>0</bIsWeighted>
      <UnitOfMeasure>יחידה</UnitOfMeasure>
      <QtyInPackage>1</QtyInPackage>
      <ItemPrice>400.00</ItemPrice>
      <UnitOfMeasurePrice>400.00</UnitOfMeasurePrice>
      <AllowDiscount>1</AllowDiscount>
      <ItemStatus>1</ItemStatus>
    </Item>
    <Item>
      <PriceUpdateDate>2020-02-21 08:25</PriceUpdateDate>
      <ItemCode>815151025594</ItemCode>
      <ItemType>1</ItemType>
      <ItemName>מסכת SOULFOOD הזנה 500 מ</ItemName>
      <ManufacturerName>כללי</ManufacturerName>
      <ManufactureCountry>IL</ManufactureCountry>
      <ManufacturerItemDescription>מסכת SOULFOOD הז</ManufacturerItemDescription>
      <UnitQty>מיליליטרים</UnitQty>
      <Quantity>500.00</Quantity>
      <bIsWeighted>0</bIsWeighted>
      <UnitOfMeasure>100 מ"ל</UnitOfMeasure>
      <QtyInPackage>1</QtyInPackage>
      <ItemPrice>124.90</ItemPrice>
      <UnitOfMeasurePrice>24.98</UnitOfMeasurePrice>
      <AllowDiscount>1</AllowDiscount>
      <ItemStatus>1</ItemStatus>
    </Item>
    <Item>
      <PriceUpdateDate>2020-01-20 00:13</PriceUpdateDate>
      <ItemCode>815151028328</ItemCode>
      <ItemType>1</ItemType>
      <ItemName>40UP גלייז</ItemName>
      <ManufacturerName>כללי</ManufacturerName>
      <ManufactureCountry>IL</ManufactureCountry>
      <ManufacturerItemDescription>40UP גלייז</ManufacturerItemDescription>
      <UnitQty>מיליליטרים</UnitQty>
      <Quantity>400.00</Quantity>
      <bIsWeighted>0</bIsWeighted>
      <UnitOfMeasure>100 מ"ל</UnitOfMeasure>
      <QtyInPackage>1</QtyInPackage>
      <ItemPrice>79.90</ItemPrice>
      <UnitOfMeasurePrice>19.98</UnitOfMeasurePrice>
      <AllowDiscount>1</AllowDiscount>
      <ItemStatus>1</ItemStatus>
    </Item>
    <Item>
      <PriceUpdateDate>2020-03-15 09:32</PriceUpdateDate>
      <ItemCode>840117801271</ItemCode>
      <ItemType>1</ItemType>
      <ItemName>קיט way your wash יח'</ItemName>
      <ManufacturerName>כללי</ManufacturerName>
      <ManufactureCountry>IL</ManufactureCountry>
      <ManufacturerItemDescription>קיט wa your wash</ManufacturerItemDescription>
      <UnitQty>יחידה</UnitQty>
      <Quantity>1.00</Quantity>
      <bIsWeighted>0</bIsWeighted>
      <UnitOfMeasure>יחידה</UnitOfMeasure>
      <QtyInPackage>1</QtyInPackage>
      <ItemPrice>4.90</ItemPrice>
      <UnitOfMeasurePrice>4.90</UnitOfMeasurePrice>
      <AllowDiscount>1</AllowDiscount>
      <ItemStatus>1</ItemStatus>
    </Item>
    <Item>
      <PriceUpdateDate>2020-01-20 00:21</PriceUpdateDate>
      <ItemCode>8410104045111</ItemCode>
      <ItemType>1</ItemType>
      <ItemName>פיניש מלח למדיח 2 ק"ג</ItemName>
      <ManufacturerName>רקיט בנקיזר</ManufacturerName>
      <ManufactureCountry>IL</ManufactureCountry>
      <ManufacturerItemDescription>מלח למדיח</ManufacturerItemDescription>
      <UnitQty>קילוגרמים</UnitQty>
      <Quantity>2.00</Quantity>
      <bIsWeighted>0</bIsWeighted>
      <UnitOfMeasure>ק"ג</UnitOfMeasure>
      <QtyInPackage>0</QtyInPackage>
      <ItemPrice>19.90</ItemPrice>
      <UnitOfMeasurePrice>9.95</UnitOfMeasurePrice>
      <AllowDiscount>1</AllowDiscount>
      <ItemStatus>1</ItemStatus>
    </Item>
    <Item>
      <PriceUpdateDate>2020-08-14 05:43</PriceUpdateDate>
      <ItemCode>8410128768355</ItemCode>
      <ItemType>1</ItemType>
      <ItemName>משקה סויה ויוה סוי 1 ל'</ItemName>
      <ManufacturerName>S.A.U\n PASCUAL CALIDAD</ManufacturerName>
      <ManufactureCountry>ES</ManufactureCountry>
      <ManufacturerItemDescription>משקה סויה</ManufacturerItemDescription>
      <UnitQty>ליטרים</UnitQty>
      <Quantity>1.00</Quantity>
      <bIsWeighted>0</bIsWeighted>
      <UnitOfMeasure>ליטר</UnitOfMeasure>
      <QtyInPackage>1</QtyInPackage>
      <ItemPrice>14.90</ItemPrice>
      <UnitOfMeasurePrice>14.90</UnitOfMeasurePrice>
      <AllowDiscount>1</AllowDiscount>
      <ItemStatus>1</ItemStatus>
    </Item>
    <Item>
      <PriceUpdateDate>2020-10-10 21:30</PriceUpdateDate>
      <ItemCode>8410436218092</ItemCode>
      <ItemType>1</ItemType>
      <ItemName>צבע לשיער אולאו 4-18 יח</ItemName>
      <ManufacturerName>הנקל סוד</ManufacturerName>
      <ManufactureCountry>DE</ManufactureCountry>
      <ManufacturerItemDescription>צבע לשיער אולאו</ManufacturerItemDescription>
      <UnitQty>יחידה</UnitQty>
      <Quantity>1.00</Quantity>
      <bIsWeighted>0</bIsWeighted>
      <UnitOfMeasure>יחידה</UnitOfMeasure>
      <QtyInPackage>0</QtyInPackage>
      <ItemPrice>29.90</ItemPrice>
      <UnitOfMeasurePrice>29.90</UnitOfMeasurePrice>
      <AllowDiscount>1</AllowDiscount>
      <ItemStatus>1</ItemStatus>
    </Item>
    <Item>
      <PriceUpdateDate>2020-10-10 21:30</PriceUpdateDate>
      <ItemCode>8410436218290</ItemCode>
      <ItemType>1</ItemType>
      <ItemName>צבע  סאיוס אולאו 1-10 יח</ItemName>
      <ManufacturerName>הנקל סוד</ManufacturerName>
      <ManufactureCountry>DE</ManufactureCountry>
      <ManufacturerItemDescription>צבע לשיער סאיוס</ManufacturerItemDescription>
      <UnitQty>יחידה</UnitQty>
      <Quantity>1.00</Quantity>
      <bIsWeighted>0</bIsWeighted>
      <UnitOfMeasure>יחידה</UnitOfMeasure>
      <QtyInPackage>0</QtyInPackage>
      <ItemPrice>29.90</ItemPrice>
      <UnitOfMeasurePrice>29.90</UnitOfMeasurePrice>
      <AllowDiscount>1</AllowDiscount>
      <ItemStatus>1</ItemStatus>
    </Item>
    <Item>
      <PriceUpdateDate>2020-10-10 21:30</PriceUpdateDate>
      <ItemCode>8410436218337</ItemCode>
      <ItemType>1</ItemType>
      <ItemName>צבע לשיער אולאו 9-10 יח</ItemName>
      <ManufacturerName>הנקל סוד</ManufacturerName>
      <ManufactureCountry>DE</ManufactureCountry>
      <ManufacturerItemDescription>צבע לשיער אולאו</ManufacturerItemDescription>
      <UnitQty>יחידה</UnitQty>
      <Quantity>1.00</Quantity>
      <bIsWeighted>0</bIsWeighted>
      <UnitOfMeasure>יחידה</UnitOfMeasure>
      <QtyInPackage>0</QtyInPackage>
      <ItemPrice>29.90</ItemPrice>
      <UnitOfMeasurePrice>29.90</UnitOfMeasurePrice>
      <AllowDiscount>1</AllowDiscount>
      <ItemStatus>1</ItemStatus>
    </Item>
    <Item>
      <PriceUpdateDate>2020-10-10 21:00</PriceUpdateDate>
      <ItemCode>841058005209</ItemCode>
      <ItemType>1</ItemType>
      <ItemName>ג'ל גילוח אדג' 198ג20%+</ItemName>
      <ManufacturerName>אנרג'ייזר</ManufacturerName>
      <ManufactureCountry>US</ManufactureCountry>
      <ManufacturerItemDescription>ג'ל גילוח אדג'</ManufacturerItemDescription>
      <UnitQty>גרמים</UnitQty>
      <Quantity>237.00</Quantity>
      <bIsWeighted>0</bIsWeighted>
      <UnitOfMeasure>100 גרם</UnitOfMeasure>
      <QtyInPackage>1</QtyInPackage>
      <ItemPrice>13.90</ItemPrice>
      <UnitOfMeasurePrice>5.86</UnitOfMeasurePrice>
      <AllowDiscount>1</AllowDiscount>
      <ItemStatus>1</ItemStatus>
    </Item>
    <Item>
      <PriceUpdateDate>2020-10-10 22:40</PriceUpdateDate>
      <ItemCode>8411061853160</ItemCode>
      <ItemType>1</ItemType>
      <ItemName>212 א.ד.ט לגבר100מ"ל</ItemName>
      <ManufacturerName>לילית בישום</ManufacturerName>
      <ManufactureCountry>ES</ManufactureCountry>
      <ManufacturerItemDescription>212 א.ד.ט לגבר</ManufacturerItemDescription>
      <UnitQty>מיליליטרים</UnitQty>
      <Quantity>100.00</Quantity>
      <bIsWeighted>0</bIsWeighted>
      <UnitOfMeasure>100 מ"ל</UnitOfMeasure>
      <QtyInPackage>0</QtyInPackage>
      <ItemPrice>179.00</ItemPrice>
      <UnitOfMeasurePrice>179.00</UnitOfMeasurePrice>
      <AllowDiscount>1</AllowDiscount>
      <ItemStatus>1</ItemStatus>
    </Item>
    <Item>
      <PriceUpdateDate>2020-10-10 22:40</PriceUpdateDate>
      <ItemCode>8411061869376</ItemCode>
      <ItemType>1</ItemType>
      <ItemName>BLACK VIP 212 אדפ100 מ"ל</ItemName>
      <ManufacturerName>PUIG בישום</ManufacturerName>
      <ManufactureCountry>IL</ManufactureCountry>
      <ManufacturerItemDescription>BLACK VIP 212</ManufacturerItemDescription>
      <UnitQty>מיליליטרים</UnitQty>
      <Quantity>100.00</Quantity>
      <bIsWeighted>0</bIsWeighted>
      <UnitOfMeasure>100 מ"ל</UnitOfMeasure>
      <QtyInPackage>0</QtyInPackage>
      <ItemPrice>229.00</ItemPrice>
      <UnitOfMeasurePrice>229.00</UnitOfMeasurePrice>
      <AllowDiscount>1</AllowDiscount>
      <ItemStatus>1</ItemStatus>
    </Item>
    <Item>
      <PriceUpdateDate>2020-01-20 00:12</PriceUpdateDate>
      <ItemCode>8423207208260</ItemCode>
      <ItemType>1</ItemType>
      <ItemName>ס.דליס שוק.חלב ל.ג13*6גר</ItemName>
      <ManufacturerName>ביסצ'ורי</ManufacturerName>
      <ManufactureCountry>ES</ManufactureCountry>
      <ManufacturerItemDescription>חטיף דגנים</ManufacturerItemDescription>
      <UnitQty>גרמים</UnitQty>
      <Quantity>78.00</Quantity>
      <bIsWeighted>0</bIsWeighted>
      <UnitOfMeasure>100 גרם</UnitOfMeasure>
      <QtyInPackage>1</QtyInPackage>
      <ItemPrice>14.90</ItemPrice>
      <UnitOfMeasurePrice>19.10</UnitOfMeasurePrice>
      <AllowDiscount>1</AllowDiscount>
      <ItemStatus>1</ItemStatus>
    </Item>
    <Item>
      <PriceUpdateDate>2020-01-20 00:21</PriceUpdateDate>
      <ItemCode>8427030005010</ItemCode>
      <ItemType>1</ItemType>
      <ItemName>סימילאק AR 375 גרם</ItemName>
      <ManufacturerName>אבוט</ManufacturerName>
      <ManufactureCountry>ES</ManufactureCountry>
      <ManufacturerItemDescription>סימילאק AR</ManufacturerItemDescription>
      <UnitQty>גרמים</UnitQty>
      <Quantity>375.00</Quantity>
      <bIsWeighted>0</bIsWeighted>
      <UnitOfMeasure>100 גרם</UnitOfMeasure>
      <QtyInPackage>0</QtyInPackage>
      <ItemPrice>44.50</ItemPrice>
      <UnitOfMeasurePrice>11.87</UnitOfMeasurePrice>
      <AllowDiscount>1</AllowDiscount>
      <ItemStatus>1</ItemStatus>
    </Item>
    <Item>
      <PriceUpdateDate>2020-01-20 00:13</PriceUpdateDate>
      <ItemCode>8435137737819</ItemCode>
      <ItemType>1</ItemType>
      <ItemName>פראדה לונה רוס ספורט</ItemName>
      <ManufacturerName>פראדה בישום</ManufacturerName>
      <ManufactureCountry>IL</ManufactureCountry>
      <ManufacturerItemDescription>פראדה לונה רוס ס</ManufacturerItemDescription>
      <UnitQty>מיליליטרים</UnitQty>
      <Quantity>100.00</Quantity>
      <bIsWeighted>0</bIsWeighted>
      <UnitOfMeasure>100 מ"ל</UnitOfMeasure>
      <QtyInPackage>0</QtyInPackage>
      <ItemPrice>327.00</ItemPrice>
      <UnitOfMeasurePrice>327.00</UnitOfMeasurePrice>
      <AllowDiscount>1</AllowDiscount>
      <ItemStatus>1</ItemStatus>
    </Item>
    <Item>
      <PriceUpdateDate>2020-01-20 00:13</PriceUpdateDate>
      <ItemCode>8435137772704</ItemCode>
      <ItemType>1</ItemType>
      <ItemName>פרדה קרבון בושם לגבר 150</ItemName>
      <ManufacturerName>לילית בישום</ManufacturerName>
      <ManufactureCountry>FR</ManufactureCountry>
      <ManufacturerItemDescription>פרדה קרבון בושם</ManufacturerItemDescription>
      <UnitQty>מיליליטרים</UnitQty>
      <Quantity>150.00</Quantity>
      <bIsWeighted>0</bIsWeighted>
      <UnitOfMeasure>100 מ"ל</UnitOfMeasure>
      <QtyInPackage>1</QtyInPackage>
      <ItemPrice>429.00</ItemPrice>
      <UnitOfMeasurePrice>286.00</UnitOfMeasurePrice>
      <AllowDiscount>1</AllowDiscount>
      <ItemStatus>1</ItemStatus>
    </Item>
    <Item>
      <PriceUpdateDate>2020-10-10 19:40</PriceUpdateDate>
      <ItemCode>8436037792960</ItemCode>
      <ItemType>1</ItemType>
      <ItemName>קרם רב"ש בפחית 70 מ"ל</ItemName>
      <ManufacturerName>RNB</ManufacturerName>
      <ManufactureCountry>ES</ManufactureCountry>
      <ManufacturerItemDescription>קרם רב"ש</ManufacturerItemDescription>
      <UnitQty>מיליליטרים</UnitQty>
      <Quantity>70.00</Quantity>
      <bIsWeighted>0</bIsWeighted>
      <UnitOfMeasure>100 מ"ל</UnitOfMeasure>
      <QtyInPackage>1</QtyInPackage>
      <ItemPrice>12.90</ItemPrice>
      <UnitOfMeasurePrice>18.43</UnitOfMeasurePrice>
      <AllowDiscount>1</AllowDiscount>
      <ItemStatus>1</ItemStatus>
    </Item>
    <Item>
      <PriceUpdateDate>2020-01-20 00:13</PriceUpdateDate>
      <ItemCode>85805165284</ItemCode>
      <ItemType>1</ItemType>
      <ItemName>פיפט אווניו סט יח'</ItemName>
      <ManufacturerName>אליזבט ארדן</ManufacturerName>
      <ManufactureCountry>US</ManufactureCountry>
      <ManufacturerItemDescription>פיפט אווניו סט</ManufacturerItemDescription>
      <UnitQty>יחידה</UnitQty>
      <Quantity>1.00</Quantity>
      <bIsWeighted>0</bIsWeighted>
      <UnitOfMeasure>יחידה</UnitOfMeasure>
      <QtyInPackage>1</QtyInPackage>
      <ItemPrice>198.00</ItemPrice>
      <UnitOfMeasurePrice>198.00</UnitOfMeasurePrice>
      <AllowDiscount>1</AllowDiscount>
      <ItemStatus>1</ItemStatus>
    </Item>
    <Item>
      <PriceUpdateDate>2020-08-02 09:28</PriceUpdateDate>
      <ItemCode>85805192969</ItemCode>
      <ItemType>1</ItemType>
      <ItemName>פפיט אווניו אונלי 75 מ"ל</ItemName>
      <ManufacturerName>כללי</ManufacturerName>
      <ManufactureCountry>IL</ManufactureCountry>
      <ManufacturerItemDescription>פפיט אווניו אונל</ManufacturerItemDescription>
      <UnitQty>מיליליטרים</UnitQty>
      <Quantity>75.00</Quantity>
      <bIsWeighted>0</bIsWeighted>
      <UnitOfMeasure>100 מ"ל</UnitOfMeasure>
      <QtyInPackage>1</QtyInPackage>
      <ItemPrice>99.00</ItemPrice>
      <UnitOfMeasurePrice>132.00</UnitOfMeasurePrice>
      <AllowDiscount>1</AllowDiscount>
      <ItemStatus>1</ItemStatus>
    </Item>
    <Item>
      <PriceUpdateDate>2020-08-02 09:28</PriceUpdateDate>
      <ItemCode>85805569853</ItemCode>
      <ItemType>1</ItemType>
      <ItemName>LIGHTS NYC AVENUE 5TH 75</ItemName>
      <ManufacturerName>כללי</ManufacturerName>
      <ManufactureCountry>IL</ManufactureCountry>
      <ManufacturerItemDescription>L NYC AVENUE 5TH</ManufacturerItemDescription>
      <UnitQty>מיליליטרים</UnitQty>
      <Quantity>75.00</Quantity>
      <bIsWeighted>0</bIsWeighted>
      <UnitOfMeasure>100 מ"ל</UnitOfMeasure>
      <QtyInPackage>1</QtyInPackage>
      <ItemPrice>99.00</ItemPrice>
      <UnitOfMeasurePrice>132.00</UnitOfMeasurePrice>
      <AllowDiscount>1</AllowDiscount>
      <ItemStatus>1</ItemStatus>
    </Item>
    <Item>
      <PriceUpdateDate>2020-10-10 23:10</PriceUpdateDate>
      <ItemCode>861940000006</ItemCode>
      <ItemType>1</ItemType>
      <ItemName>ג'סיקה מקלינטוק אדפ100מל</ItemName>
      <ManufacturerName>כללי</ManufacturerName>
      <ManufactureCountry>IL</ManufactureCountry>
      <ManufacturerItemDescription>ג'סיקה מקלינטוק</ManufacturerItemDescription>
      <UnitQty>מיליליטרים</UnitQty>
      <Quantity>100.00</Quantity>
      <bIsWeighted>0</bIsWeighted>
      <UnitOfMeasure>100 מ"ל</UnitOfMeasure>
      <QtyInPackage>1</QtyInPackage>
      <ItemPrice>99.00</ItemPrice>
      <UnitOfMeasurePrice>99.00</UnitOfMeasurePrice>
      <AllowDiscount>1</AllowDiscount>
      <ItemStatus>1</ItemStatus>
    </Item>
    <Item>
      <PriceUpdateDate>2020-01-20 00:14</PriceUpdateDate>
      <ItemCode>8690572784303</ItemCode>
      <ItemType>1</ItemType>
      <ItemName>גליס שמפו לאורך מושלם400</ItemName>
      <ManufacturerName>הנקל סוד</ManufacturerName>
      <ManufactureCountry>TR</ManufactureCountry>
      <ManufacturerItemDescription>שמפו גליס</ManufacturerItemDescription>
      <UnitQty>מיליליטרים</UnitQty>
      <Quantity>400.00</Quantity>
      <bIsWeighted>0</bIsWeighted>
      <UnitOfMeasure>100 מ"ל</UnitOfMeasure>
      <QtyInPackage>1</QtyInPackage>
      <ItemPrice>17.90</ItemPrice>
      <UnitOfMeasurePrice>4.48</UnitOfMeasurePrice>
      <AllowDiscount>1</AllowDiscount>
      <ItemStatus>1</ItemStatus>
    </Item>
    <Item>
      <PriceUpdateDate>2020-01-30 12:07</PriceUpdateDate>
      <ItemCode>8690572788851</ItemCode>
      <ItemType>1</ItemType>
      <ItemName>שמפו גליס ביו טק 400 מ"\</ItemName>
      <ManufacturerName>הובי קוסמטיק</ManufacturerName>
      <ManufactureCountry>TR</ManufactureCountry>
      <ManufacturerItemDescription>שמפו גליס ביו טק</ManufacturerItemDescription>
      <UnitQty>מיליליטרים</UnitQty>
      <Quantity>400.00</Quantity>
      <bIsWeighted>0</bIsWeighted>
      <UnitOfMeasure>100 מ"ל</UnitOfMeasure>
      <QtyInPackage>1</QtyInPackage>
      <ItemPrice>17.90</ItemPrice>
      <UnitOfMeasurePrice>4.48</UnitOfMeasurePrice>
      <AllowDiscount>1</AllowDiscount>
      <ItemStatus>1</ItemStatus>
    </Item>
    <Item>
      <PriceUpdateDate>2020-01-20 00:14</PriceUpdateDate>
      <ItemCode>8690572788912</ItemCode>
      <ItemType>1</ItemType>
      <ItemName>מרכך גליס ביו טק 400 מ"\</ItemName>
      <ManufacturerName>הובי קוסמטיק</ManufacturerName>
      <ManufactureCountry>TR</ManufactureCountry>
      <ManufacturerItemDescription>מרכך גליס ביו טק</ManufacturerItemDescription>
      <UnitQty>מיליליטרים</UnitQty>
      <Quantity>400.00</Quantity>
      <bIsWeighted>0</bIsWeighted>
      <UnitOfMeasure>100 מ"ל</UnitOfMeasure>
      <QtyInPackage>1</QtyInPackage>
      <ItemPrice>17.90</ItemPrice>
      <UnitOfMeasurePrice>4.48</UnitOfMeasurePrice>
      <AllowDiscount>1</AllowDiscount>
      <ItemStatus>1</ItemStatus>
    </Item>
    <Item>
      <PriceUpdateDate>2020-02-23 15:00</PriceUpdateDate>
      <ItemCode>8690604458400</ItemCode>
      <ItemType>1</ItemType>
      <ItemName>קונסילר נוזלי 004</ItemName>
      <ManufacturerName>PRETTY</ManufacturerName>
      <ManufactureCountry>TR</ManufactureCountry>
      <ManufacturerItemDescription>קונסילר נוזלי 04</ManufacturerItemDescription>
      <UnitQty>יחידה</UnitQty>
      <Quantity>1.00</Quantity>
      <bIsWeighted>0</bIsWeighted>
      <UnitOfMeasure>יחידה</UnitOfMeasure>
      <QtyInPackage>0</QtyInPackage>
      <ItemPrice>15.90</ItemPrice>
      <UnitOfMeasurePrice>15.90</UnitOfMeasurePrice>
      <AllowDiscount>1</AllowDiscount>
      <ItemStatus>1</ItemStatus>
    </Item>
    <Item>
      <PriceUpdateDate>2020-01-20 00:14</PriceUpdateDate>
      <ItemCode>8690604461486</ItemCode>
      <ItemType>1</ItemType>
      <ItemName>אייליינר נוזלי שחור</ItemName>
      <ManufacturerName>PRETTY</ManufacturerName>
      <ManufactureCountry>TR</ManufactureCountry>
      <ManufacturerItemDescription>אייליינר נוזלי</ManufacturerItemDescription>
      <UnitQty>יחידה</UnitQty>
      <Quantity>1.00</Quantity>
      <bIsWeighted>0</bIsWeighted>
      <UnitOfMeasure>יחידה</UnitOfMeasure>
      <QtyInPackage>0</QtyInPackage>
      <ItemPrice>15.90</ItemPrice>
      <UnitOfMeasurePrice>15.90</UnitOfMeasurePrice>
      <AllowDiscount>1</AllowDiscount>
      <ItemStatus>1</ItemStatus>
    </Item>
    <Item>
      <PriceUpdateDate>2020-02-23 15:00</PriceUpdateDate>
      <ItemCode>8690604462032</ItemCode>
      <ItemType>1</ItemType>
      <ItemName>ליפסטיק במראה משי 027</ItemName>
      <ManufacturerName>PRETTY</ManufacturerName>
      <ManufactureCountry>TR</ManufactureCountry>
      <ManufacturerItemDescription>ליפסטיק משי 027</ManufacturerItemDescription>
      <UnitQty>יחידה</UnitQty>
      <Quantity>1.00</Quantity>
      <bIsWeighted>0</bIsWeighted>
      <UnitOfMeasure>יחידה</UnitOfMeasure>
      <QtyInPackage>0</QtyInPackage>
      <ItemPrice>16.90</ItemPrice>
      <UnitOfMeasurePrice>16.90</UnitOfMeasurePrice>
      <AllowDiscount>1</AllowDiscount>
      <ItemStatus>1</ItemStatus>
    </Item>
    <Item>
      <PriceUpdateDate>2020-02-23 15:00</PriceUpdateDate>
      <ItemCode>8690604462247</ItemCode>
      <ItemType>1</ItemType>
      <ItemName>ליפסטיק במראה מט 008</ItemName>
      <ManufacturerName>PRETTY</ManufacturerName>
      <ManufactureCountry>TR</ManufactureCountry>
      <ManufacturerItemDescription>ליפסטיק מט 008</ManufacturerItemDescription>
      <UnitQty>יחידה</UnitQty>
      <Quantity>1.00</Quantity>
      <bIsWeighted>0</bIsWeighted>
      <UnitOfMeasure>יחידה</UnitOfMeasure>
      <QtyInPackage>0</QtyInPackage>
      <ItemPrice>16.90</ItemPrice>
      <UnitOfMeasurePrice>16.90</UnitOfMeasurePrice>
      <AllowDiscount>1</AllowDiscount>
      <ItemStatus>1</ItemStatus>
    </Item>
    <Item>
      <PriceUpdateDate>2020-02-23 15:00</PriceUpdateDate>
      <ItemCode>8690604462353</ItemCode>
      <ItemType>1</ItemType>
      <ItemName>ליפסטיק עמיד 002</ItemName>
      <ManufacturerName>PRETTY</ManufacturerName>
      <ManufactureCountry>TR</ManufactureCountry>
      <ManufacturerItemDescription>ליפסטיק עמיד 002</ManufacturerItemDescription>
      <UnitQty>יחידה</UnitQty>
      <Quantity>1.00</Quantity>
      <bIsWeighted>0</bIsWeighted>
      <UnitOfMeasure>יחידה</UnitOfMeasure>
      <QtyInPackage>0</QtyInPackage>
      <ItemPrice>16.90</ItemPrice>
      <UnitOfMeasurePrice>16.90</UnitOfMeasurePrice>
      <AllowDiscount>1</AllowDiscount>
      <ItemStatus>1</ItemStatus>
    </Item>
    <Item>
      <PriceUpdateDate>2020-01-31 05:46</PriceUpdateDate>
      <ItemCode>8690604462841</ItemCode>
      <ItemType>1</ItemType>
      <ItemName>שפתון לחות תות 02 יח'</ItemName>
      <ManufacturerName>כללי</ManufacturerName>
      <ManufactureCountry>IL</ManufactureCountry>
      <ManufacturerItemDescription>שפתון לחות תות 2</ManufacturerItemDescription>
      <UnitQty>יחידה</UnitQty>
      <Quantity>1.00</Quantity>
      <bIsWeighted>0</bIsWeighted>
      <UnitOfMeasure>יחידה</UnitOfMeasure>
      <QtyInPackage>1</QtyInPackage>
      <ItemPrice>9.90</ItemPrice>
      <UnitOfMeasurePrice>9.90</UnitOfMeasurePrice>
      <AllowDiscount>1</AllowDiscount>
      <ItemStatus>1</ItemStatus>
    </Item>
    <Item>
      <PriceUpdateDate>2020-01-31 05:46</PriceUpdateDate>
      <ItemCode>8690604462858</ItemCode>
      <ItemType>1</ItemType>
      <ItemName>שפתון לחות פסיפלורה 03 י</ItemName>
      <ManufacturerName>כללי</ManufacturerName>
      <ManufactureCountry>IL</ManufactureCountry>
      <ManufacturerItemDescription>שפתון לחות פסיפל</ManufacturerItemDescription>
      <UnitQty>יחידה</UnitQty>
      <Quantity>1.00</Quantity>
      <bIsWeighted>0</bIsWeighted>
      <UnitOfMeasure>יחידה</UnitOfMeasure>
      <QtyInPackage>1</QtyInPackage>
      <ItemPrice>9.90</ItemPrice>
      <UnitOfMeasurePrice>9.90</UnitOfMeasurePrice>
      <AllowDiscount>1</AllowDiscount>
      <ItemStatus>1</ItemStatus>
    </Item>
    <Item>
      <PriceUpdateDate>2020-01-20 00:14</PriceUpdateDate>
      <ItemCode>8690604465934</ItemCode>
      <ItemType>1</ItemType>
      <ItemName>צללית SINGLE 003</ItemName>
      <ManufacturerName>PRETTY</ManufacturerName>
      <ManufactureCountry>TR</ManufactureCountry>
      <ManufacturerItemDescription>צללית SINGLE 003</ManufacturerItemDescription>
      <UnitQty>יחידה</UnitQty>
      <Quantity>1.00</Quantity>
      <bIsWeighted>0</bIsWeighted>
      <UnitOfMeasure>יחידה</UnitOfMeasure>
      <QtyInPackage>0</QtyInPackage>
      <ItemPrice>12.50</ItemPrice>
      <UnitOfMeasurePrice>12.50</UnitOfMeasurePrice>
      <AllowDiscount>1</AllowDiscount>
      <ItemStatus>1</ItemStatus>
    </Item>
    <Item>
      <PriceUpdateDate>2020-01-20 00:14</PriceUpdateDate>
      <ItemCode>8690604466023</ItemCode>
      <ItemType>1</ItemType>
      <ItemName>צללית SINGLE 012</ItemName>
      <ManufacturerName>PRETTY</ManufacturerName>
      <ManufactureCountry>TR</ManufactureCountry>
      <ManufacturerItemDescription>צללית SINGLE 012</ManufacturerItemDescription>
      <UnitQty>יחידה</UnitQty>
      <Quantity>1.00</Quantity>
      <bIsWeighted>0</bIsWeighted>
      <UnitOfMeasure>יחידה</UnitOfMeasure>
      <QtyInPackage>0</QtyInPackage>
      <ItemPrice>12.50</ItemPrice>
      <UnitOfMeasurePrice>12.50</UnitOfMeasurePrice>
      <AllowDiscount>1</AllowDiscount>
      <ItemStatus>1</ItemStatus>
    </Item>
    <Item>
      <PriceUpdateDate>2020-01-20 00:14</PriceUpdateDate>
      <ItemCode>8690604466139</ItemCode>
      <ItemType>1</ItemType>
      <ItemName>צללית MATTE SINGLE 002</ItemName>
      <ManufacturerName>PRETTY</ManufacturerName>
      <ManufactureCountry>TR</ManufactureCountry>
      <ManufacturerItemDescription>צללית SINGLE 002</ManufacturerItemDescription>
      <UnitQty>יחידה</UnitQty>
      <Quantity>1.00</Quantity>
      <bIsWeighted>0</bIsWeighted>
      <UnitOfMeasure>יחידה</UnitOfMeasure>
      <QtyInPackage>0</QtyInPackage>
      <ItemPrice>11.90</ItemPrice>
      <UnitOfMeasurePrice>11.90</UnitOfMeasurePrice>
      <AllowDiscount>1</AllowDiscount>
      <ItemStatus>1</ItemStatus>
    </Item>
    <Item>
      <PriceUpdateDate>2020-01-20 00:14</PriceUpdateDate>
      <ItemCode>8690604466160</ItemCode>
      <ItemType>1</ItemType>
      <ItemName>צללית MATTE SINGLE 005</ItemName>
      <ManufacturerName>PRETTY</ManufacturerName>
      <ManufactureCountry>TR</ManufactureCountry>
      <ManufacturerItemDescription>צללית SINGLE 005</ManufacturerItemDescription>
      <UnitQty>יחידה</UnitQty>
      <Quantity>1.00</Quantity>
      <bIsWeighted>0</bIsWeighted>
      <UnitOfMeasure>יחידה</UnitOfMeasure>
      <QtyInPackage>0</QtyInPackage>
      <ItemPrice>11.90</ItemPrice>
      <UnitOfMeasurePrice>11.90</UnitOfMeasurePrice>
      <AllowDiscount>1</AllowDiscount>
      <ItemStatus>1</ItemStatus>
    </Item>
    <Item>
      <PriceUpdateDate>2020-02-23 15:00</PriceUpdateDate>
      <ItemCode>8690604467136</ItemCode>
      <ItemType>1</ItemType>
      <ItemName>סומק PINK 001</ItemName>
      <ManufacturerName>PRETTY</ManufacturerName>
      <ManufactureCountry>TR</ManufactureCountry>
      <ManufacturerItemDescription>סומק 001</ManufacturerItemDescription>
      <UnitQty>יחידה</UnitQty>
      <Quantity>1.00</Quantity>
      <bIsWeighted>0</bIsWeighted>
      <UnitOfMeasure>יחידה</UnitOfMeasure>
      <QtyInPackage>0</QtyInPackage>
      <ItemPrice>18.90</ItemPrice>
      <UnitOfMeasurePrice>18.90</UnitOfMeasurePrice>
      <AllowDiscount>1</AllowDiscount>
      <ItemStatus>1</ItemStatus>
    </Item>
    <Item>
      <PriceUpdateDate>2020-02-23 15:00</PriceUpdateDate>
      <ItemCode>8690604467167</ItemCode>
      <ItemType>1</ItemType>
      <ItemName>סומק BRONZE SWEET 004</ItemName>
      <ManufacturerName>PRETTY</ManufacturerName>
      <ManufactureCountry>TR</ManufactureCountry>
      <ManufacturerItemDescription>סומק 004</ManufacturerItemDescription>
      <UnitQty>יחידה</UnitQty>
      <Quantity>1.00</Quantity>
      <bIsWeighted>0</bIsWeighted>
      <UnitOfMeasure>יחידה</UnitOfMeasure>
      <QtyInPackage>0</QtyInPackage>
      <ItemPrice>18.90</ItemPrice>
      <UnitOfMeasurePrice>18.90</UnitOfMeasurePrice>
      <AllowDiscount>1</AllowDiscount>
      <ItemStatus>1</ItemStatus>
    </Item>
    <Item>
      <PriceUpdateDate>2020-02-23 15:00</PriceUpdateDate>
      <ItemCode>8690604467181</ItemCode>
      <ItemType>1</ItemType>
      <ItemName>סומק מט PEACH PINKY 001</ItemName>
      <ManufacturerName>PRETTY</ManufacturerName>
      <ManufactureCountry>TR</ManufactureCountry>
      <ManufacturerItemDescription>סומק מט 001</ManufacturerItemDescription>
      <UnitQty>יחידה</UnitQty>
      <Quantity>1.00</Quantity>
      <bIsWeighted>0</bIsWeighted>
      <UnitOfMeasure>יחידה</UnitOfMeasure>
      <QtyInPackage>0</QtyInPackage>
      <ItemPrice>18.90</ItemPrice>
      <UnitOfMeasurePrice>18.90</UnitOfMeasurePrice>
      <AllowDiscount>1</AllowDiscount>
      <ItemStatus>1</ItemStatus>
    </Item>
    <Item>
      <PriceUpdateDate>2020-01-20 00:14</PriceUpdateDate>
      <ItemCode>8690604468188</ItemCode>
      <ItemType>1</ItemType>
      <ItemName>לק זוהר ונוצץ 003</ItemName>
      <ManufacturerName>PRETTY</ManufacturerName>
      <ManufactureCountry>TR</ManufactureCountry>
      <ManufacturerItemDescription>לק זוהר ונוצץ 03</ManufacturerItemDescription>
      <UnitQty>יחידה</UnitQty>
      <Quantity>1.00</Quantity>
      <bIsWeighted>0</bIsWeighted>
      <UnitOfMeasure>יחידה</UnitOfMeasure>
      <QtyInPackage>0</QtyInPackage>
      <ItemPrice>5.90</ItemPrice>
      <UnitOfMeasurePrice>5.90</UnitOfMeasurePrice>
      <AllowDiscount>1</AllowDiscount>
      <ItemStatus>1</ItemStatus>
    </Item>
    <Item>
      <PriceUpdateDate>2020-01-20 00:14</PriceUpdateDate>
      <ItemCode>8690604468232</ItemCode>
      <ItemType>1</ItemType>
      <ItemName>לק זוהר ונוצץ 008</ItemName>
      <ManufacturerName>PRETTY</ManufacturerName>
      <ManufactureCountry>TR</ManufactureCountry>
      <ManufacturerItemDescription>לק זוהר ונוצץ 08</ManufacturerItemDescription>
      <UnitQty>יחידה</UnitQty>
      <Quantity>1.00</Quantity>
      <bIsWeighted>0</bIsWeighted>
      <UnitOfMeasure>יחידה</UnitOfMeasure>
      <QtyInPackage>0</QtyInPackage>
      <ItemPrice>5.90</ItemPrice>
      <UnitOfMeasurePrice>5.90</UnitOfMeasurePrice>
      <AllowDiscount>1</AllowDiscount>
      <ItemStatus>1</ItemStatus>
    </Item>
    <Item>
      <PriceUpdateDate>2020-01-20 00:14</PriceUpdateDate>
      <ItemCode>8690604468379</ItemCode>
      <ItemType>1</ItemType>
      <ItemName>לק זוהר ונוצץ 020</ItemName>
      <ManufacturerName>PRETTY</ManufacturerName>
      <ManufactureCountry>TR</ManufactureCountry>
      <ManufacturerItemDescription>לק זוהר ונוצץ 20</ManufacturerItemDescription>
      <UnitQty>יחידה</UnitQty>
      <Quantity>1.00</Quantity>
      <bIsWeighted>0</bIsWeighted>
      <UnitOfMeasure>יחידה</UnitOfMeasure>
      <QtyInPackage>0</QtyInPackage>
      <ItemPrice>5.90</ItemPrice>
      <UnitOfMeasurePrice>5.90</UnitOfMeasurePrice>
      <AllowDiscount>1</AllowDiscount>
      <ItemStatus>1</ItemStatus>
    </Item>
    <Item>
      <PriceUpdateDate>2020-01-20 00:14</PriceUpdateDate>
      <ItemCode>8690604468454</ItemCode>
      <ItemType>1</ItemType>
      <ItemName>לק במראה מט 003</ItemName>
      <ManufacturerName>PRETTY</ManufacturerName>
      <ManufactureCountry>TR</ManufactureCountry>
      <ManufacturerItemDescription>לק במראה מט 003</ManufacturerItemDescription>
      <UnitQty>יחידה</UnitQty>
      <Quantity>1.00</Quantity>
      <bIsWeighted>0</bIsWeighted>
      <UnitOfMeasure>יחידה</UnitOfMeasure>
      <QtyInPackage>0</QtyInPackage>
      <ItemPrice>5.90</ItemPrice>
      <UnitOfMeasurePrice>5.90</UnitOfMeasurePrice>
      <AllowDiscount>1</AllowDiscount>
      <ItemStatus>1</ItemStatus>
    </Item>
    <Item>
      <PriceUpdateDate>2020-02-23 15:00</PriceUpdateDate>
      <ItemCode>8690604468614</ItemCode>
      <ItemType>1</ItemType>
      <ItemName>פודרה דחוסה 003</ItemName>
      <ManufacturerName>PRETTY</ManufacturerName>
      <ManufactureCountry>TR</ManufactureCountry>
      <ManufacturerItemDescription>פודרה דחוסה 003</ManufacturerItemDescription>
      <UnitQty>יחידה</UnitQty>
      <Quantity>1.00</Quantity>
      <bIsWeighted>0</bIsWeighted>
      <UnitOfMeasure>יחידה</UnitOfMeasure>
      <QtyInPackage>0</QtyInPackage>
      <ItemPrice>15.90</ItemPrice>
      <UnitOfMeasurePrice>15.90</UnitOfMeasurePrice>
      <AllowDiscount>1</AllowDiscount>
      <ItemStatus>1</ItemStatus>
    </Item>
    <Item>
      <PriceUpdateDate>2020-02-21 08:25</PriceUpdateDate>
      <ItemCode>8690604468959</ItemCode>
      <ItemType>1</ItemType>
      <ItemName>סומק במרקם קטיפתי 004</ItemName>
      <ManufacturerName>PRETTY</ManufacturerName>
      <ManufactureCountry>TR</ManufactureCountry>
      <ManufacturerItemDescription>סומק קטיפתי 004</ManufacturerItemDescription>
      <UnitQty>יחידה</UnitQty>
      <Quantity>1.00</Quantity>
      <bIsWeighted>0</bIsWeighted>
      <UnitOfMeasure>יחידה</UnitOfMeasure>
      <QtyInPackage>0</QtyInPackage>
      <ItemPrice>26.90</ItemPrice>
      <UnitOfMeasurePrice>26.90</UnitOfMeasurePrice>
      <AllowDiscount>1</AllowDiscount>
      <ItemStatus>1</ItemStatus>
    </Item>
    <Item>
      <PriceUpdateDate>2020-01-20 00:14</PriceUpdateDate>
      <ItemCode>8690604469826</ItemCode>
      <ItemType>1</ItemType>
      <ItemName>עפרון שפתיים 210 יחידה</ItemName>
      <ManufacturerName>PRETTY</ManufacturerName>
      <ManufactureCountry>TR</ManufactureCountry>
      <ManufacturerItemDescription>עפרון שפתיים 210</ManufacturerItemDescription>
      <UnitQty>יחידה</UnitQty>
      <Quantity>1.00</Quantity>
      <bIsWeighted>0</bIsWeighted>
      <UnitOfMeasure>יחידה</UnitOfMeasure>
      <QtyInPackage>1</QtyInPackage>
      <ItemPrice>8.90</ItemPrice>
      <UnitOfMeasurePrice>8.90</UnitOfMeasurePrice>
      <AllowDiscount>1</AllowDiscount>
      <ItemStatus>1</ItemStatus>
    </Item>
    <Item>
      <PriceUpdateDate>2020-01-20 00:14</PriceUpdateDate>
      <ItemCode>8690604469895</ItemCode>
      <ItemType>1</ItemType>
      <ItemName>עפרון שפתיים 217 יחידה</ItemName>
      <ManufacturerName>PRETTY</ManufacturerName>
      <ManufactureCountry>TR</ManufactureCountry>
      <ManufacturerItemDescription>עפרון שפתיים 217</ManufacturerItemDescription>
      <UnitQty>יחידה</UnitQty>
      <Quantity>1.00</Quantity>
      <bIsWeighted>0</bIsWeighted>
      <UnitOfMeasure>יחידה</UnitOfMeasure>
      <QtyInPackage>1</QtyInPackage>
      <ItemPrice>8.90</ItemPrice>
      <UnitOfMeasurePrice>8.90</UnitOfMeasurePrice>
      <AllowDiscount>1</AllowDiscount>
      <ItemStatus>1</ItemStatus>
    </Item>
    <Item>
      <PriceUpdateDate>2020-01-20 00:14</PriceUpdateDate>
      <ItemCode>8690604565214</ItemCode>
      <ItemType>1</ItemType>
      <ItemName>עיפרון עיניים 104</ItemName>
      <ManufacturerName>PRETTY</ManufacturerName>
      <ManufactureCountry>TR</ManufactureCountry>
      <ManufacturerItemDescription>עיפרון עיניים104</ManufacturerItemDescription>
      <UnitQty>יחידה</UnitQty>
      <Quantity>1.00</Quantity>
      <bIsWeighted>0</bIsWeighted>
      <UnitOfMeasure>יחידה</UnitOfMeasure>
      <QtyInPackage>0</QtyInPackage>
      <ItemPrice>6.90</ItemPrice>
      <UnitOfMeasurePrice>6.90</UnitOfMeasurePrice>
      <AllowDiscount>1</AllowDiscount>
      <ItemStatus>1</ItemStatus>
    </Item>
    <Item>
      <PriceUpdateDate>2020-01-31 05:46</PriceUpdateDate>
      <ItemCode>8690604602094</ItemCode>
      <ItemType>1</ItemType>
      <ItemName>BB קרם 01 לייט יח'</ItemName>
      <ManufacturerName>כללי</ManufacturerName>
      <ManufactureCountry>IL</ManufactureCountry>
      <ManufacturerItemDescription>BB קרם 01 לייט</ManufacturerItemDescription>
      <UnitQty>יחידה</UnitQty>
      <Quantity>1.00</Quantity>
      <bIsWeighted>0</bIsWeighted>
      <UnitOfMeasure>יחידה</UnitOfMeasure>
      <QtyInPackage>1</QtyInPackage>
      <ItemPrice>19.90</ItemPrice>
      <UnitOfMeasurePrice>19.90</UnitOfMeasurePrice>
      <AllowDiscount>1</AllowDiscount>
      <ItemStatus>1</ItemStatus>
    </Item>
    <Item>
      <PriceUpdateDate>2020-01-20 00:14</PriceUpdateDate>
      <ItemCode>8690637561061</ItemCode>
      <ItemType>1</ItemType>
      <ItemName>דאו.דאב ללא סימן 50 גרם</ItemName>
      <ManufacturerName>יוניליוור</ManufacturerName>
      <ManufactureCountry>PH</ManufactureCountry>
      <ManufacturerItemDescription>דאו.דאב</ManufacturerItemDescription>
      <UnitQty>גרמים</UnitQty>
      <Quantity>50.00</Quantity>
      <bIsWeighted>0</bIsWeighted>
      <UnitOfMeasure>100 גרם</UnitOfMeasure>
      <QtyInPackage>1</QtyInPackage>
      <ItemPrice>26.90</ItemPrice>
      <UnitOfMeasurePrice>53.80</UnitOfMeasurePrice>
      <AllowDiscount>1</AllowDiscount>
      <ItemStatus>1</ItemStatus>
    </Item>
    <Item>
      <PriceUpdateDate>2020-10-10 20:20</PriceUpdateDate>
      <ItemCode>8690637688195</ItemCode>
      <ItemType>1</ItemType>
      <ItemName>תה ירוק קלאסי ליפטון20ש</ItemName>
      <ManufacturerName>---</ManufacturerName>
      <ManufactureCountry>TR</ManufactureCountry>
      <ManufacturerItemDescription>תה ירוק ליפטון</ManufacturerItemDescription>
      <UnitQty>גרמים</UnitQty>
      <Quantity>30.00</Quantity>
      <bIsWeighted>0</bIsWeighted>
      <UnitOfMeasure>100 גרם</UnitOfMeasure>
      <QtyInPackage>0</QtyInPackage>
      <ItemPrice>9.90</ItemPrice>
      <UnitOfMeasurePrice>33.00</UnitOfMeasurePrice>
      <AllowDiscount>1</AllowDiscount>
      <ItemStatus>1</ItemStatus>
    </Item>
    <Item>
      <PriceUpdateDate>2020-01-20 00:14</PriceUpdateDate>
      <ItemCode>8690637704277</ItemCode>
      <ItemType>1</ItemType>
      <ItemName>דאב שמפו  יומי 2ב1- 600מ</ItemName>
      <ManufacturerName>יוניליוור</ManufacturerName>
      <ManufactureCountry>TR</ManufactureCountry>
      <ManufacturerItemDescription>שמפו דאב</ManufacturerItemDescription>
      <UnitQty>מיליליטרים</UnitQty>
      <Quantity>600.00</Quantity>
      <bIsWeighted>0</bIsWeighted>
      <UnitOfMeasure>100 מ"ל</UnitOfMeasure>
      <QtyInPackage>0</QtyInPackage>
      <ItemPrice>19.50</ItemPrice>
      <UnitOfMeasurePrice>3.25</UnitOfMeasurePrice>
      <AllowDiscount>1</AllowDiscount>
      <ItemStatus>1</ItemStatus>
    </Item>
    <Item>
      <PriceUpdateDate>2020-10-10 21:00</PriceUpdateDate>
      <ItemCode>8690637865589</ItemCode>
      <ItemType>1</ItemType>
      <ItemName>דאב סבון ידיים מלפפו500</ItemName>
      <ManufacturerName>---</ManufacturerName>
      <ManufactureCountry>TR</ManufactureCountry>
      <ManufacturerItemDescription>דאב סבון ידיים</ManufacturerItemDescription>
      <UnitQty>מיליליטרים</UnitQty>
      <Quantity>500.00</Quantity>
      <bIsWeighted>0</bIsWeighted>
      <UnitOfMeasure>100 מ"ל</UnitOfMeasure>
      <QtyInPackage>1</QtyInPackage>
      <ItemPrice>12.90</ItemPrice>
      <UnitOfMeasurePrice>2.58</UnitOfMeasurePrice>
      <AllowDiscount>1</AllowDiscount>
      <ItemStatus>1</ItemStatus>
    </Item>
    <Item>
      <PriceUpdateDate>2020-10-10 21:00</PriceUpdateDate>
      <ItemCode>8690637865596</ItemCode>
      <ItemType>1</ItemType>
      <ItemName>דאב סבון ידיים לחות500מ</ItemName>
      <ManufacturerName>---</ManufacturerName>
      <ManufactureCountry>TR</ManufactureCountry>
      <ManufacturerItemDescription>דאב סבון ידיים</ManufacturerItemDescription>
      <UnitQty>מיליליטרים</UnitQty>
      <Quantity>500.00</Quantity>
      <bIsWeighted>0</bIsWeighted>
      <UnitOfMeasure>100 מ"ל</UnitOfMeasure>
      <QtyInPackage>1</QtyInPackage>
      <ItemPrice>12.90</ItemPrice>
      <UnitOfMeasurePrice>2.58</UnitOfMeasurePrice>
      <AllowDiscount>1</AllowDiscount>
      <ItemStatus>1</ItemStatus>
    </Item>
    <Item>
      <PriceUpdateDate>2020-01-20 00:14</PriceUpdateDate>
      <ItemCode>8690637871047</ItemCode>
      <ItemType>1</ItemType>
      <ItemName>שמפו דאב שמן קוקוס600מ"ל</ItemName>
      <ManufacturerName>יוניליוור סנאיי וי טיקאר</ManufacturerName>
      <ManufactureCountry>TR</ManufactureCountry>
      <ManufacturerItemDescription>שמפו דאב</ManufacturerItemDescription>
      <UnitQty>מיליליטרים</UnitQty>
      <Quantity>600.00</Quantity>
      <bIsWeighted>0</bIsWeighted>
      <UnitOfMeasure>100 מ"ל</UnitOfMeasure>
      <QtyInPackage>1</QtyInPackage>
      <ItemPrice>19.50</ItemPrice>
      <UnitOfMeasurePrice>3.25</UnitOfMeasurePrice>
      <AllowDiscount>1</AllowDiscount>
      <ItemStatus>1</ItemStatus>
    </Item>
    <Item>
      <PriceUpdateDate>2020-01-20 00:14</PriceUpdateDate>
      <ItemCode>8690637871061</ItemCode>
      <ItemType>1</ItemType>
      <ItemName>שמפו דאב שמן אבוקדו 600מ</ItemName>
      <ManufacturerName>יוניליוור</ManufacturerName>
      <ManufactureCountry>TR</ManufactureCountry>
      <ManufacturerItemDescription>שמפו דאב</ManufacturerItemDescription>
      <UnitQty>מיליליטרים</UnitQty>
      <Quantity>600.00</Quantity>
      <bIsWeighted>0</bIsWeighted>
      <UnitOfMeasure>100 מ"ל</UnitOfMeasure>
      <QtyInPackage>1</QtyInPackage>
      <ItemPrice>19.50</ItemPrice>
      <UnitOfMeasurePrice>3.25</UnitOfMeasurePrice>
      <AllowDiscount>1</AllowDiscount>
      <ItemStatus>1</ItemStatus>
    </Item>
    <Item>
      <PriceUpdateDate>2020-01-20 00:14</PriceUpdateDate>
      <ItemCode>8690637916991</ItemCode>
      <ItemType>1</ItemType>
      <ItemName>דאב מרכך שמן אבוקדו 600</ItemName>
      <ManufacturerName>יוניליוור</ManufacturerName>
      <ManufactureCountry>TR</ManufactureCountry>
      <ManufacturerItemDescription>מרכך שיער דאב</ManufacturerItemDescription>
      <UnitQty>מיליליטרים</UnitQty>
      <Quantity>600.00</Quantity>
      <bIsWeighted>0</bIsWeighted>
      <UnitOfMeasure>100 מ"ל</UnitOfMeasure>
      <QtyInPackage>1</QtyInPackage>
      <ItemPrice>19.50</ItemPrice>
      <UnitOfMeasurePrice>3.25</UnitOfMeasurePrice>
      <AllowDiscount>1</AllowDiscount>
      <ItemStatus>1</ItemStatus>
    </Item>
    <Item>
      <PriceUpdateDate>2020-01-20 00:14</PriceUpdateDate>
      <ItemCode>8690637919381</ItemCode>
      <ItemType>1</ItemType>
      <ItemName>שמפו דאב מים מיסלרים600מ</ItemName>
      <ManufacturerName>יוניליוור סנאיי וי טיקאר</ManufacturerName>
      <ManufactureCountry>TR</ManufactureCountry>
      <ManufacturerItemDescription>שמפו דאב</ManufacturerItemDescription>
      <UnitQty>מיליליטרים</UnitQty>
      <Quantity>600.00</Quantity>
      <bIsWeighted>0</bIsWeighted>
      <UnitOfMeasure>100 מ"ל</UnitOfMeasure>
      <QtyInPackage>1</QtyInPackage>
      <ItemPrice>19.50</ItemPrice>
      <UnitOfMeasurePrice>3.25</UnitOfMeasurePrice>
      <AllowDiscount>1</AllowDiscount>
      <ItemStatus>1</ItemStatus>
    </Item>
    <Item>
      <PriceUpdateDate>2020-01-20 00:14</PriceUpdateDate>
      <ItemCode>8690637919398</ItemCode>
      <ItemType>1</ItemType>
      <ItemName>מרכך דאב מים מיסלרים600מ</ItemName>
      <ManufacturerName>יוניליוור סנאיי וי טיקאר</ManufacturerName>
      <ManufactureCountry>TR</ManufactureCountry>
      <ManufacturerItemDescription>מרכך דאב</ManufacturerItemDescription>
      <UnitQty>מיליליטרים</UnitQty>
      <Quantity>700.00</Quantity>
      <bIsWeighted>0</bIsWeighted>
      <UnitOfMeasure>100 מ"ל</UnitOfMeasure>
      <QtyInPackage>1</QtyInPackage>
      <ItemPrice>19.50</ItemPrice>
      <UnitOfMeasurePrice>2.79</UnitOfMeasurePrice>
      <AllowDiscount>1</AllowDiscount>
      <ItemStatus>1</ItemStatus>
    </Item>
    <Item>
      <PriceUpdateDate>2020-10-10 21:00</PriceUpdateDate>
      <ItemCode>8690637935701</ItemCode>
      <ItemType>1</ItemType>
      <ItemName>בדין אקסטרה דובדב+שקד960</ItemName>
      <ManufacturerName>יוניליוור סנאיי וי טיקאר</ManufacturerName>
      <ManufactureCountry>TR</ManufactureCountry>
      <ManufacturerItemDescription>מרכך כביסה בדין</ManufacturerItemDescription>
      <UnitQty>מיליליטרים</UnitQty>
      <Quantity>960.00</Quantity>
      <bIsWeighted>0</bIsWeighted>
      <UnitOfMeasure>100 מ"ל</UnitOfMeasure>
      <QtyInPackage>1</QtyInPackage>
      <ItemPrice>14.90</ItemPrice>
      <UnitOfMeasurePrice>1.55</UnitOfMeasurePrice>
      <AllowDiscount>1</AllowDiscount>
      <ItemStatus>1</ItemStatus>
    </Item>
    <Item>
      <PriceUpdateDate>2020-10-10 21:00</PriceUpdateDate>
      <ItemCode>8690637946318</ItemCode>
      <ItemType>1</ItemType>
      <ItemName>בדין אקסטרא בייבי טלק960</ItemName>
      <ManufacturerName>יוניליוור סנאיי וי טיקאר</ManufacturerName>
      <ManufactureCountry>TR</ManufactureCountry>
      <ManufacturerItemDescription>בדין אקסטרא בייב</ManufacturerItemDescription>
      <UnitQty>מיליליטרים</UnitQty>
      <Quantity>960.00</Quantity>
      <bIsWeighted>0</bIsWeighted>
      <UnitOfMeasure>100 מ"ל</UnitOfMeasure>
      <QtyInPackage>1</QtyInPackage>
      <ItemPrice>14.90</ItemPrice>
      <UnitOfMeasurePrice>1.55</UnitOfMeasurePrice>
      <AllowDiscount>1</AllowDiscount>
      <ItemStatus>1</ItemStatus>
    </Item>
    <Item>
      <PriceUpdateDate>2020-10-10 21:00</PriceUpdateDate>
      <ItemCode>8690784516662</ItemCode>
      <ItemType>1</ItemType>
      <ItemName>דאק ג'ל אקונומ.לבנדר750מ</ItemName>
      <ManufacturerName>---</ManufacturerName>
      <ManufactureCountry>NL</ManufactureCountry>
      <ManufacturerItemDescription>ג'ל מקציף דאק</ManufacturerItemDescription>
      <UnitQty>מיליליטרים</UnitQty>
      <Quantity>750.00</Quantity>
      <bIsWeighted>0</bIsWeighted>
      <UnitOfMeasure>100 מ"ל</UnitOfMeasure>
      <QtyInPackage>1</QtyInPackage>
      <ItemPrice>9.90</ItemPrice>
      <UnitOfMeasurePrice>1.32</UnitOfMeasurePrice>
      <AllowDiscount>1</AllowDiscount>
      <ItemStatus>1</ItemStatus>
    </Item>
    <Item>
      <PriceUpdateDate>2020-10-10 21:00</PriceUpdateDate>
      <ItemCode>8690784516778</ItemCode>
      <ItemType>1</ItemType>
      <ItemName>דאק ג'ל אקונומיקה ים750מ</ItemName>
      <ManufacturerName>---</ManufacturerName>
      <ManufactureCountry>NL</ManufactureCountry>
      <ManufacturerItemDescription>ג'ל מקציף דאק</ManufacturerItemDescription>
      <UnitQty>מיליליטרים</UnitQty>
      <Quantity>750.00</Quantity>
      <bIsWeighted>0</bIsWeighted>
      <UnitOfMeasure>100 מ"ל</UnitOfMeasure>
      <QtyInPackage>1</QtyInPackage>
      <ItemPrice>9.90</ItemPrice>
      <UnitOfMeasurePrice>1.32</UnitOfMeasurePrice>
      <AllowDiscount>1</AllowDiscount>
      <ItemStatus>1</ItemStatus>
    </Item>
    <Item>
      <PriceUpdateDate>2020-06-29 13:25</PriceUpdateDate>
      <ItemCode>8690946190006</ItemCode>
      <ItemType>1</ItemType>
      <ItemName>פסטה פנה 500 גרם</ItemName>
      <ManufacturerName>---</ManufacturerName>
      <ManufactureCountry>TR</ManufactureCountry>
      <ManufacturerItemDescription>פסטה פנה</ManufacturerItemDescription>
      <UnitQty>גרמים</UnitQty>
      <Quantity>500.00</Quantity>
      <bIsWeighted>0</bIsWeighted>
      <UnitOfMeasure>100 גרם</UnitOfMeasure>
      <QtyInPackage>1</QtyInPackage>
      <ItemPrice>4.90</ItemPrice>
      <UnitOfMeasurePrice>0.98</UnitOfMeasurePrice>
      <AllowDiscount>1</AllowDiscount>
      <ItemStatus>1</ItemStatus>
    </Item>
    <Item>
      <PriceUpdateDate>2020-07-01 16:39</PriceUpdateDate>
      <ItemCode>8690946250014</ItemCode>
      <ItemType>1</ItemType>
      <ItemName>פסטה ספגטי 500 גרם</ItemName>
      <ManufacturerName>מוטלו</ManufacturerName>
      <ManufactureCountry>TR</ManufactureCountry>
      <ManufacturerItemDescription>פסטה ספגטי</ManufacturerItemDescription>
      <UnitQty>גרמים</UnitQty>
      <Quantity>500.00</Quantity>
      <bIsWeighted>0</bIsWeighted>
      <UnitOfMeasure>100 גרם</UnitOfMeasure>
      <QtyInPackage>1</QtyInPackage>
      <ItemPrice>4.90</ItemPrice>
      <UnitOfMeasurePrice>0.98</UnitOfMeasurePrice>
      <AllowDiscount>1</AllowDiscount>
      <ItemStatus>1</ItemStatus>
    </Item>
    <Item>
      <PriceUpdateDate>2020-07-01 16:39</PriceUpdateDate>
      <ItemCode>8690946250168</ItemCode>
      <ItemType>1</ItemType>
      <ItemName>פסטה פוסילי 500 גרם</ItemName>
      <ManufacturerName>מוטלו</ManufacturerName>
      <ManufactureCountry>TR</ManufactureCountry>
      <ManufacturerItemDescription>פסטה פוסילי</ManufacturerItemDescription>
      <UnitQty>גרמים</UnitQty>
      <Quantity>500.00</Quantity>
      <bIsWeighted>0</bIsWeighted>
      <UnitOfMeasure>100 גרם</UnitOfMeasure>
      <QtyInPackage>1</QtyInPackage>
      <ItemPrice>4.90</ItemPrice>
      <UnitOfMeasurePrice>0.98</UnitOfMeasurePrice>
      <AllowDiscount>1</AllowDiscount>
      <ItemStatus>1</ItemStatus>
    </Item>
    <Item>
      <PriceUpdateDate>2020-10-10 20:20</PriceUpdateDate>
      <ItemCode>8693495052177</ItemCode>
      <ItemType>1</ItemType>
      <ItemName>סבון פלמוליב זיתים 750 מ</ItemName>
      <ManufacturerName>קולגייט פלמוליב</ManufacturerName>
      <ManufactureCountry>TR</ManufactureCountry>
      <ManufacturerItemDescription>סבון פלמוליב</ManufacturerItemDescription>
      <UnitQty>מיליליטרים</UnitQty>
      <Quantity>750.00</Quantity>
      <bIsWeighted>0</bIsWeighted>
      <UnitOfMeasure>100 מ"ל</UnitOfMeasure>
      <QtyInPackage>1</QtyInPackage>
      <ItemPrice>15.90</ItemPrice>
      <UnitOfMeasurePrice>2.12</UnitOfMeasurePrice>
      <AllowDiscount>1</AllowDiscount>
      <ItemStatus>1</ItemStatus>
    </Item>
    <Item>
      <PriceUpdateDate>2020-10-10 20:20</PriceUpdateDate>
      <ItemCode>8693495052191</ItemCode>
      <ItemType>1</ItemType>
      <ItemName>סבון פלמוליב אפרסק 750מל</ItemName>
      <ManufacturerName>קולגייט פלמוליב</ManufacturerName>
      <ManufactureCountry>TR</ManufactureCountry>
      <ManufacturerItemDescription>סבון פלמוליב</ManufacturerItemDescription>
      <UnitQty>מיליליטרים</UnitQty>
      <Quantity>750.00</Quantity>
      <bIsWeighted>0</bIsWeighted>
      <UnitOfMeasure>100 מ"ל</UnitOfMeasure>
      <QtyInPackage>1</QtyInPackage>
      <ItemPrice>15.90</ItemPrice>
      <UnitOfMeasurePrice>2.12</UnitOfMeasurePrice>
      <AllowDiscount>1</AllowDiscount>
      <ItemStatus>1</ItemStatus>
    </Item>
    <Item>
      <PriceUpdateDate>2020-10-10 20:20</PriceUpdateDate>
      <ItemCode>8693495052214</ItemCode>
      <ItemType>1</ItemType>
      <ItemName>סבון פלמוליב פטל שחור750</ItemName>
      <ManufacturerName>קולגייט פלמוליב</ManufacturerName>
      <ManufactureCountry>TR</ManufactureCountry>
      <ManufacturerItemDescription>סבון פלמוליב</ManufacturerItemDescription>
      <UnitQty>מיליליטרים</UnitQty>
      <Quantity>750.00</Quantity>
      <bIsWeighted>0</bIsWeighted>
      <UnitOfMeasure>100 מ"ל</UnitOfMeasure>
      <QtyInPackage>1</QtyInPackage>
      <ItemPrice>15.90</ItemPrice>
      <UnitOfMeasurePrice>2.12</UnitOfMeasurePrice>
      <AllowDiscount>1</AllowDiscount>
      <ItemStatus>1</ItemStatus>
    </Item>
    <Item>
      <PriceUpdateDate>2020-10-10 20:20</PriceUpdateDate>
      <ItemCode>8693495053693</ItemCode>
      <ItemType>1</ItemType>
      <ItemName>מברשות 360 קולגייט 4 יח</ItemName>
      <ManufacturerName>---</ManufacturerName>
      <ManufactureCountry>CN</ManufactureCountry>
      <ManufacturerItemDescription>מברשות 360 4 יח</ManufacturerItemDescription>
      <UnitQty>יחידה</UnitQty>
      <Quantity>1.00</Quantity>
      <bIsWeighted>0</bIsWeighted>
      <UnitOfMeasure>יחידה</UnitOfMeasure>
      <QtyInPackage>1</QtyInPackage>
      <ItemPrice>34.90</ItemPrice>
      <UnitOfMeasurePrice>34.90</UnitOfMeasurePrice>
      <AllowDiscount>1</AllowDiscount>
      <ItemStatus>1</ItemStatus>
    </Item>
    <Item>
      <PriceUpdateDate>2020-10-11 17:20</PriceUpdateDate>
      <ItemCode>8696814018144</ItemCode>
      <ItemType>1</ItemType>
      <ItemName>מסכת בד רב פעמית כחול יח</ItemName>
      <ManufacturerName>פארמה דיל</ManufacturerName>
      <ManufactureCountry>IL</ManufactureCountry>
      <ManufacturerItemDescription>מסכת בד רב פעמית</ManufacturerItemDescription>
      <UnitQty>יחידה</UnitQty>
      <Quantity>1.00</Quantity>
      <bIsWeighted>0</bIsWeighted>
      <UnitOfMeasure>יחידה</UnitOfMeasure>
      <QtyInPackage>1</QtyInPackage>
      <ItemPrice>12.90</ItemPrice>
      <UnitOfMeasurePrice>12.90</UnitOfMeasurePrice>
      <AllowDiscount>1</AllowDiscount>
      <ItemStatus>1</ItemStatus>
    </Item>
    <Item>
      <PriceUpdateDate>2020-10-10 20:20</PriceUpdateDate>
      <ItemCode>8699568531952</ItemCode>
      <ItemType>1</ItemType>
      <ItemName>וולפלקס מוס לתלתלים200מ</ItemName>
      <ManufacturerName>פרוקטר אנד גמבל</ManufacturerName>
      <ManufactureCountry>FR</ManufactureCountry>
      <ManufacturerItemDescription>וולהפלקס מוס</ManufacturerItemDescription>
      <UnitQty>מיליליטרים</UnitQty>
      <Quantity>200.00</Quantity>
      <bIsWeighted>0</bIsWeighted>
      <UnitOfMeasure>100 מ"ל</UnitOfMeasure>
      <QtyInPackage>1</QtyInPackage>
      <ItemPrice>24.90</ItemPrice>
      <UnitOfMeasurePrice>12.45</UnitOfMeasurePrice>
      <AllowDiscount>1</AllowDiscount>
      <ItemStatus>1</ItemStatus>
    </Item>
    <Item>
      <PriceUpdateDate>2020-01-20 00:13</PriceUpdateDate>
      <ItemCode>8699954702126</ItemCode>
      <ItemType>1</ItemType>
      <ItemName>מסיכת פחם באפקט קירור יח</ItemName>
      <ManufacturerName>כללי</ManufacturerName>
      <ManufactureCountry>IL</ManufactureCountry>
      <ManufacturerItemDescription>מסיכת פחם באפקט</ManufacturerItemDescription>
      <UnitQty>יחידה</UnitQty>
      <Quantity>1.00</Quantity>
      <bIsWeighted>0</bIsWeighted>
      <UnitOfMeasure>יחידה</UnitOfMeasure>
      <QtyInPackage>1</QtyInPackage>
      <ItemPrice>7.90</ItemPrice>
      <UnitOfMeasurePrice>7.90</UnitOfMeasurePrice>
      <AllowDiscount>1</AllowDiscount>
      <ItemStatus>1</ItemStatus>
    </Item>
    <Item>
      <PriceUpdateDate>2020-01-20 00:13</PriceUpdateDate>
      <ItemCode>8699954702133</ItemCode>
      <ItemType>1</ItemType>
      <ItemName>מסיכת פחם פעיל מנטול יח'</ItemName>
      <ManufacturerName>כללי</ManufacturerName>
      <ManufactureCountry>IL</ManufactureCountry>
      <ManufacturerItemDescription>מסיכת פחם פעיל מ</ManufacturerItemDescription>
      <UnitQty>יחידה</UnitQty>
      <Quantity>1.00</Quantity>
      <bIsWeighted>0</bIsWeighted>
      <UnitOfMeasure>יחידה</UnitOfMeasure>
      <QtyInPackage>1</QtyInPackage>
      <ItemPrice>7.90</ItemPrice>
      <UnitOfMeasurePrice>7.90</UnitOfMeasurePrice>
      <AllowDiscount>1</AllowDiscount>
      <ItemStatus>1</ItemStatus>
    </Item>
    <Item>
      <PriceUpdateDate>2020-01-20 00:13</PriceUpdateDate>
      <ItemCode>8699954702140</ItemCode>
      <ItemType>1</ItemType>
      <ItemName>מסיכת פחם פעיל לרענון יח</ItemName>
      <ManufacturerName>כללי</ManufacturerName>
      <ManufactureCountry>IL</ManufactureCountry>
      <ManufacturerItemDescription>מסיכת פחם פעיל ל</ManufacturerItemDescription>
      <UnitQty>יחידה</UnitQty>
      <Quantity>1.00</Quantity>
      <bIsWeighted>0</bIsWeighted>
      <UnitOfMeasure>יחידה</UnitOfMeasure>
      <QtyInPackage>1</QtyInPackage>
      <ItemPrice>7.90</ItemPrice>
      <UnitOfMeasurePrice>7.90</UnitOfMeasurePrice>
      <AllowDiscount>1</AllowDiscount>
      <ItemStatus>1</ItemStatus>
    </Item>
    <Item>
      <PriceUpdateDate>2020-01-20 00:13</PriceUpdateDate>
      <ItemCode>8699954702157</ItemCode>
      <ItemType>1</ItemType>
      <ItemName>מסיכת פחם טיהור רעלים יח</ItemName>
      <ManufacturerName>כללי</ManufacturerName>
      <ManufactureCountry>IL</ManufactureCountry>
      <ManufacturerItemDescription>מסיכת פחם טיהור</ManufacturerItemDescription>
      <UnitQty>יחידה</UnitQty>
      <Quantity>1.00</Quantity>
      <bIsWeighted>0</bIsWeighted>
      <UnitOfMeasure>יחידה</UnitOfMeasure>
      <QtyInPackage>1</QtyInPackage>
      <ItemPrice>7.90</ItemPrice>
      <UnitOfMeasurePrice>7.90</UnitOfMeasurePrice>
      <AllowDiscount>1</AllowDiscount>
      <ItemStatus>1</ItemStatus>
    </Item>
    <Item>
      <PriceUpdateDate>2020-01-31 05:46</PriceUpdateDate>
      <ItemCode>8710103536581</ItemCode>
      <ItemType>1</ItemType>
      <ItemName>אוונט סטר' חשמלי 3 ב- 1</ItemName>
      <ManufacturerName>כללי</ManufacturerName>
      <ManufactureCountry />
      <ManufacturerItemDescription>אוונט סטר' חשמלי</ManufacturerItemDescription>
      <UnitQty>יחידה</UnitQty>
      <Quantity>1.00</Quantity>
      <bIsWeighted>0</bIsWeighted>
      <UnitOfMeasure>יחידה</UnitOfMeasure>
      <QtyInPackage>0</QtyInPackage>
      <ItemPrice>339.00</ItemPrice>
      <UnitOfMeasurePrice>339.00</UnitOfMeasurePrice>
      <AllowDiscount>1</AllowDiscount>
      <ItemStatus>1</ItemStatus>
    </Item>
    <Item>
      <PriceUpdateDate>2020-01-31 05:46</PriceUpdateDate>
      <ItemCode>8710103658405</ItemCode>
      <ItemType>1</ItemType>
      <ItemName>אוונט בקבוק 260 מל בנות</ItemName>
      <ManufacturerName>כללי</ManufacturerName>
      <ManufactureCountry />
      <ManufacturerItemDescription>אוונט בקבוק 260</ManufacturerItemDescription>
      <UnitQty>יחידה</UnitQty>
      <Quantity>1.00</Quantity>
      <bIsWeighted>0</bIsWeighted>
      <UnitOfMeasure>יחידה</UnitOfMeasure>
      <QtyInPackage>0</QtyInPackage>
      <ItemPrice>35.00</ItemPrice>
      <UnitOfMeasurePrice>35.00</UnitOfMeasurePrice>
      <AllowDiscount>1</AllowDiscount>
      <ItemStatus>1</ItemStatus>
    </Item>
    <Item>
      <PriceUpdateDate>2020-01-31 05:46</PriceUpdateDate>
      <ItemCode>8710103661061</ItemCode>
      <ItemType>1</ItemType>
      <ItemName>אוונט כוס לגן 200 מל כחו</ItemName>
      <ManufacturerName>כללי</ManufacturerName>
      <ManufactureCountry />
      <ManufacturerItemDescription>"אוונט כוס לגן 2</ManufacturerItemDescription>
      <UnitQty>יחידה</UnitQty>
      <Quantity>1.00</Quantity>
      <bIsWeighted>0</bIsWeighted>
      <UnitOfMeasure>יחידה</UnitOfMeasure>
      <QtyInPackage>0</QtyInPackage>
      <ItemPrice>34.00</ItemPrice>
      <UnitOfMeasurePrice>34.00</UnitOfMeasurePrice>
      <AllowDiscount>1</AllowDiscount>
      <ItemStatus>1</ItemStatus>
    </Item>
    <Item>
      <PriceUpdateDate>2020-05-06 16:13</PriceUpdateDate>
      <ItemCode>8710103661085</ItemCode>
      <ItemType>1</ItemType>
      <ItemName>אוונט כוס לגן ורוד 200 מ</ItemName>
      <ManufacturerName>אוונט</ManufacturerName>
      <ManufactureCountry>IL</ManufactureCountry>
      <ManufacturerItemDescription>אוונט כוס לגן</ManufacturerItemDescription>
      <UnitQty>מיליליטרים</UnitQty>
      <Quantity>200.00</Quantity>
      <bIsWeighted>0</bIsWeighted>
      <UnitOfMeasure>100 מ"ל</UnitOfMeasure>
      <QtyInPackage>1</QtyInPackage>
      <ItemPrice>54.90</ItemPrice>
      <UnitOfMeasurePrice>27.45</UnitOfMeasurePrice>
      <AllowDiscount>1</AllowDiscount>
      <ItemStatus>1</ItemStatus>
    </Item>
    <Item>
      <PriceUpdateDate>2020-10-10 20:20</PriceUpdateDate>
      <ItemCode>8710103797944</ItemCode>
      <ItemType>1</ItemType>
      <ItemName>וואן בלייד 60 .</ItemName>
      <ManufacturerName>פילפס</ManufacturerName>
      <ManufactureCountry>ID</ManufactureCountry>
      <ManufacturerItemDescription>וואן בלייד 60</ManufacturerItemDescription>
      <UnitQty>יחידה</UnitQty>
      <Quantity>1.00</Quantity>
      <bIsWeighted>0</bIsWeighted>
      <UnitOfMeasure>יחידה</UnitOfMeasure>
      <QtyInPackage>1</QtyInPackage>
      <ItemPrice>199.90</ItemPrice>
      <UnitOfMeasurePrice>199.90</UnitOfMeasurePrice>
      <AllowDiscount>1</AllowDiscount>
      <ItemStatus>1</ItemStatus>
    </Item>
    <Item>
      <PriceUpdateDate>2020-10-10 20:20</PriceUpdateDate>
      <ItemCode>8710103803874</ItemCode>
      <ItemType>1</ItemType>
      <ItemName>מוצץ2יח אולטרה סופט 6-18</ItemName>
      <ManufacturerName>פיליפס אוונט</ManufacturerName>
      <ManufactureCountry>GB</ManufactureCountry>
      <ManufacturerItemDescription>מוצץ אולטרה סופט</ManufacturerItemDescription>
      <UnitQty>יחידה</UnitQty>
      <Quantity>1.00</Quantity>
      <bIsWeighted>0</bIsWeighted>
      <UnitOfMeasure>יחידה</UnitOfMeasure>
      <QtyInPackage>1</QtyInPackage>
      <ItemPrice>39.90</ItemPrice>
      <UnitOfMeasurePrice>39.90</UnitOfMeasurePrice>
      <AllowDiscount>1</AllowDiscount>
      <ItemStatus>1</ItemStatus>
    </Item>
    <Item>
      <PriceUpdateDate>2020-10-10 20:20</PriceUpdateDate>
      <ItemCode>8710103831662</ItemCode>
      <ItemType>1</ItemType>
      <ItemName>וואן בלייד לפנים וגוף 45</ItemName>
      <ManufacturerName>פיליפס-גילוח</ManufacturerName>
      <ManufactureCountry>ID</ManufactureCountry>
      <ManufacturerItemDescription>וואן בלייד לפנים</ManufacturerItemDescription>
      <UnitQty>יחידה</UnitQty>
      <Quantity>1.00</Quantity>
      <bIsWeighted>0</bIsWeighted>
      <UnitOfMeasure>יחידה</UnitOfMeasure>
      <QtyInPackage>1</QtyInPackage>
      <ItemPrice>249.90</ItemPrice>
      <UnitOfMeasurePrice>249.90</UnitOfMeasurePrice>
      <AllowDiscount>1</AllowDiscount>
      <ItemStatus>1</ItemStatus>
    </Item>
    <Item>
      <PriceUpdateDate>2020-10-10 20:20</PriceUpdateDate>
      <ItemCode>8710103845836</ItemCode>
      <ItemType>1</ItemType>
      <ItemName>סכינים לוואן בלייד 2*</ItemName>
      <ManufacturerName>פיליפס-גילוח</ManufacturerName>
      <ManufactureCountry>ID</ManufactureCountry>
      <ManufacturerItemDescription>סכינים לוואן בלי</ManufacturerItemDescription>
      <UnitQty>יחידה</UnitQty>
      <Quantity>1.00</Quantity>
      <bIsWeighted>0</bIsWeighted>
      <UnitOfMeasure>יחידה</UnitOfMeasure>
      <QtyInPackage>1</QtyInPackage>
      <ItemPrice>139.90</ItemPrice>
      <UnitOfMeasurePrice>139.90</UnitOfMeasurePrice>
      <AllowDiscount>1</AllowDiscount>
      <ItemStatus>1</ItemStatus>
    </Item>
    <Item>
      <PriceUpdateDate>2020-10-10 20:20</PriceUpdateDate>
      <ItemCode>8710103868347</ItemCode>
      <ItemType>1</ItemType>
      <ItemName>אוונט בקבוק קלאסיק260+מל</ItemName>
      <ManufacturerName>פיליפס אוונט</ManufacturerName>
      <ManufactureCountry>GB</ManufactureCountry>
      <ManufacturerItemDescription>בקבוק אוונט</ManufacturerItemDescription>
      <UnitQty>יחידה</UnitQty>
      <Quantity>1.00</Quantity>
      <bIsWeighted>0</bIsWeighted>
      <UnitOfMeasure>יחידה</UnitOfMeasure>
      <QtyInPackage>1</QtyInPackage>
      <ItemPrice>29.90</ItemPrice>
      <UnitOfMeasurePrice>29.90</UnitOfMeasurePrice>
      <AllowDiscount>1</AllowDiscount>
      <ItemStatus>1</ItemStatus>
    </Item>
    <Item>
      <PriceUpdateDate>2020-10-10 20:20</PriceUpdateDate>
      <ItemCode>8710103875888</ItemCode>
      <ItemType>1</ItemType>
      <ItemName>אוונט בקבוק נטורל 260 מל</ItemName>
      <ManufacturerName>פיליפס אוונט</ManufacturerName>
      <ManufactureCountry>GB</ManufactureCountry>
      <ManufacturerItemDescription>אוונט בקבוק</ManufacturerItemDescription>
      <UnitQty>יחידה</UnitQty>
      <Quantity>1.00</Quantity>
      <bIsWeighted>0</bIsWeighted>
      <UnitOfMeasure>יחידה</UnitOfMeasure>
      <QtyInPackage>1</QtyInPackage>
      <ItemPrice>39.90</ItemPrice>
      <UnitOfMeasurePrice>39.90</UnitOfMeasurePrice>
      <AllowDiscount>1</AllowDiscount>
      <ItemStatus>1</ItemStatus>
    </Item>
    <Item>
      <PriceUpdateDate>2020-10-10 20:20</PriceUpdateDate>
      <ItemCode>8710103876014</ItemCode>
      <ItemType>1</ItemType>
      <ItemName>אוונט בקבוק נטורל כחול 2</ItemName>
      <ManufacturerName>אוונט</ManufacturerName>
      <ManufactureCountry>IL</ManufactureCountry>
      <ManufacturerItemDescription>אוונט בקבוק</ManufacturerItemDescription>
      <UnitQty>יחידה</UnitQty>
      <Quantity>1.00</Quantity>
      <bIsWeighted>0</bIsWeighted>
      <UnitOfMeasure>יחידה</UnitOfMeasure>
      <QtyInPackage>1</QtyInPackage>
      <ItemPrice>39.90</ItemPrice>
      <UnitOfMeasurePrice>39.90</UnitOfMeasurePrice>
      <AllowDiscount>1</AllowDiscount>
      <ItemStatus>1</ItemStatus>
    </Item>
    <Item>
      <PriceUpdateDate>2020-10-11 22:20</PriceUpdateDate>
      <ItemCode>8710447211052</ItemCode>
      <ItemType>1</ItemType>
      <ItemName>טרזמה שמפו בוטניק 400 מ"</ItemName>
      <ManufacturerName>יוניליוור פולין</ManufacturerName>
      <ManufactureCountry>PL</ManufactureCountry>
      <ManufacturerItemDescription>שמפו טרזמה</ManufacturerItemDescription>
      <UnitQty>מיליליטרים</UnitQty>
      <Quantity>400.00</Quantity>
      <bIsWeighted>0</bIsWeighted>
      <UnitOfMeasure>100 מ"ל</UnitOfMeasure>
      <QtyInPackage>1</QtyInPackage>
      <ItemPrice>9.90</ItemPrice>
      <UnitOfMeasurePrice>2.48</UnitOfMeasurePrice>
      <AllowDiscount>1</AllowDiscount>
      <ItemStatus>1</ItemStatus>
    </Item>
    <Item>
      <PriceUpdateDate>2020-10-11 22:20</PriceUpdateDate>
      <ItemCode>8710447224175</ItemCode>
      <ItemType>1</ItemType>
      <ItemName>טרזמה שמפו משקם 400 מ"ל</ItemName>
      <ManufacturerName>יוניליוור פולין</ManufacturerName>
      <ManufactureCountry>PL</ManufactureCountry>
      <ManufacturerItemDescription>טרזמה שמפו משקם</ManufacturerItemDescription>
      <UnitQty>מיליליטרים</UnitQty>
      <Quantity>400.00</Quantity>
      <bIsWeighted>0</bIsWeighted>
      <UnitOfMeasure>100 מ"ל</UnitOfMeasure>
      <QtyInPackage>1</QtyInPackage>
      <ItemPrice>9.90</ItemPrice>
      <UnitOfMeasurePrice>2.48</UnitOfMeasurePrice>
      <AllowDiscount>1</AllowDiscount>
      <ItemStatus>1</ItemStatus>
    </Item>
    <Item>
      <PriceUpdateDate>2020-10-11 22:20</PriceUpdateDate>
      <ItemCode>8710447224311</ItemCode>
      <ItemType>1</ItemType>
      <ItemName>טרזמה מרכך בוטניק 400 מ"</ItemName>
      <ManufacturerName>יוניליוור פולין</ManufacturerName>
      <ManufactureCountry>PL</ManufactureCountry>
      <ManufacturerItemDescription>מרכך טרזמה</ManufacturerItemDescription>
      <UnitQty>מיליליטרים</UnitQty>
      <Quantity>400.00</Quantity>
      <bIsWeighted>0</bIsWeighted>
      <UnitOfMeasure>100 מ"ל</UnitOfMeasure>
      <QtyInPackage>1</QtyInPackage>
      <ItemPrice>9.90</ItemPrice>
      <UnitOfMeasurePrice>2.48</UnitOfMeasurePrice>
      <AllowDiscount>1</AllowDiscount>
      <ItemStatus>1</ItemStatus>
    </Item>
    <Item>
      <PriceUpdateDate>2020-10-11 22:20</PriceUpdateDate>
      <ItemCode>8710447224342</ItemCode>
      <ItemType>1</ItemType>
      <ItemName>טרזמה שמפו קרטין 400 מ"ל</ItemName>
      <ManufacturerName>יוניליוור פולין</ManufacturerName>
      <ManufactureCountry>PL</ManufactureCountry>
      <ManufacturerItemDescription>טרזמה שמפו קרטין</ManufacturerItemDescription>
      <UnitQty>מיליליטרים</UnitQty>
      <Quantity>400.00</Quantity>
      <bIsWeighted>0</bIsWeighted>
      <UnitOfMeasure>100 מ"ל</UnitOfMeasure>
      <QtyInPackage>1</QtyInPackage>
      <ItemPrice>9.90</ItemPrice>
      <UnitOfMeasurePrice>2.48</UnitOfMeasurePrice>
      <AllowDiscount>1</AllowDiscount>
      <ItemStatus>1</ItemStatus>
    </Item>
    <Item>
      <PriceUpdateDate>2020-10-11 22:20</PriceUpdateDate>
      <ItemCode>8710447224366</ItemCode>
      <ItemType>1</ItemType>
      <ItemName>טרזמה מרכך קרטין 400 מ"ל</ItemName>
      <ManufacturerName>יוניליוור פולין</ManufacturerName>
      <ManufactureCountry>PL</ManufactureCountry>
      <ManufacturerItemDescription>טרזמה מרכך קרטין</ManufacturerItemDescription>
      <UnitQty>מיליליטרים</UnitQty>
      <Quantity>400.00</Quantity>
      <bIsWeighted>0</bIsWeighted>
      <UnitOfMeasure>100 מ"ל</UnitOfMeasure>
      <QtyInPackage>1</QtyInPackage>
      <ItemPrice>9.90</ItemPrice>
      <UnitOfMeasurePrice>2.48</UnitOfMeasurePrice>
      <AllowDiscount>1</AllowDiscount>
      <ItemStatus>1</ItemStatus>
    </Item>
    <Item>
      <PriceUpdateDate>2020-01-20 00:14</PriceUpdateDate>
      <ItemCode>8710447275306</ItemCode>
      <ItemType>1</ItemType>
      <ItemName>דאב ק.ידיים שמן אבוקדו75</ItemName>
      <ManufacturerName>---</ManufacturerName>
      <ManufactureCountry>PL</ManufactureCountry>
      <ManufacturerItemDescription>קרם ידיים דאב</ManufacturerItemDescription>
      <UnitQty>מיליליטרים</UnitQty>
      <Quantity>75.00</Quantity>
      <bIsWeighted>0</bIsWeighted>
      <UnitOfMeasure>100 מ"ל</UnitOfMeasure>
      <QtyInPackage>1</QtyInPackage>
      <ItemPrice>13.90</ItemPrice>
      <UnitOfMeasurePrice>18.53</UnitOfMeasurePrice>
      <AllowDiscount>1</AllowDiscount>
      <ItemStatus>1</ItemStatus>
    </Item>
    <Item>
      <PriceUpdateDate>2020-01-20 00:14</PriceUpdateDate>
      <ItemCode>8710447275313</ItemCode>
      <ItemType>1</ItemType>
      <ItemName>דאב ק.ידיים שמן קוקוס75מ</ItemName>
      <ManufacturerName>יוניליוור פולין</ManufacturerName>
      <ManufactureCountry>PL</ManufactureCountry>
      <ManufacturerItemDescription>קרם ידיים דאב</ManufacturerItemDescription>
      <UnitQty>מיליליטרים</UnitQty>
      <Quantity>75.00</Quantity>
      <bIsWeighted>0</bIsWeighted>
      <UnitOfMeasure>100 מ"ל</UnitOfMeasure>
      <QtyInPackage>1</QtyInPackage>
      <ItemPrice>13.90</ItemPrice>
      <UnitOfMeasurePrice>18.53</UnitOfMeasurePrice>
      <AllowDiscount>1</AllowDiscount>
      <ItemStatus>1</ItemStatus>
    </Item>
    <Item>
      <PriceUpdateDate>2020-10-10 21:00</PriceUpdateDate>
      <ItemCode>8710447280003</ItemCode>
      <ItemType>1</ItemType>
      <ItemName>דאב מוס רחצה שמן ארגן200</ItemName>
      <ManufacturerName>---</ManufacturerName>
      <ManufactureCountry>PT</ManufactureCountry>
      <ManufacturerItemDescription>מוס רחצה דאב</ManufacturerItemDescription>
      <UnitQty>מיליליטרים</UnitQty>
      <Quantity>200.00</Quantity>
      <bIsWeighted>0</bIsWeighted>
      <UnitOfMeasure>100 מ"ל</UnitOfMeasure>
      <QtyInPackage>1</QtyInPackage>
      <ItemPrice>12.90</ItemPrice>
      <UnitOfMeasurePrice>6.45</UnitOfMeasurePrice>
      <AllowDiscount>1</AllowDiscount>
      <ItemStatus>1</ItemStatus>
    </Item>
    <Item>
      <PriceUpdateDate>2020-10-10 21:00</PriceUpdateDate>
      <ItemCode>8710447280072</ItemCode>
      <ItemType>1</ItemType>
      <ItemName>דאב מוס רח.שמן קוקוס200</ItemName>
      <ManufacturerName>---</ManufacturerName>
      <ManufactureCountry>PT</ManufactureCountry>
      <ManufacturerItemDescription>מוס רחצה דאב</ManufacturerItemDescription>
      <UnitQty>מיליליטרים</UnitQty>
      <Quantity>200.00</Quantity>
      <bIsWeighted>0</bIsWeighted>
      <UnitOfMeasure>100 מ"ל</UnitOfMeasure>
      <QtyInPackage>1</QtyInPackage>
      <ItemPrice>12.90</ItemPrice>
      <UnitOfMeasurePrice>6.45</UnitOfMeasurePrice>
      <AllowDiscount>1</AllowDiscount>
      <ItemStatus>1</ItemStatus>
    </Item>
    <Item>
      <PriceUpdateDate>2020-10-10 21:00</PriceUpdateDate>
      <ItemCode>8710447284117</ItemCode>
      <ItemType>1</ItemType>
      <ItemName>אקס ג'ל רחצה בלק 400 מ"ל</ItemName>
      <ManufacturerName>יוניליוור גרמניה</ManufacturerName>
      <ManufactureCountry>DE</ManufactureCountry>
      <ManufacturerItemDescription>אקס ג'ל רחצה בלק</ManufacturerItemDescription>
      <UnitQty>מיליליטרים</UnitQty>
      <Quantity>400.00</Quantity>
      <bIsWeighted>0</bIsWeighted>
      <UnitOfMeasure>100 מ"ל</UnitOfMeasure>
      <QtyInPackage>1</QtyInPackage>
      <ItemPrice>11.90</ItemPrice>
      <UnitOfMeasurePrice>2.98</UnitOfMeasurePrice>
      <AllowDiscount>1</AllowDiscount>
      <ItemStatus>1</ItemStatus>
    </Item>
    <Item>
      <PriceUpdateDate>2020-10-13 11:50</PriceUpdateDate>
      <ItemCode>8710447320662</ItemCode>
      <ItemType>1</ItemType>
      <ItemName>דאו.דאב0%אלומ.אפרסק150מ</ItemName>
      <ManufacturerName>יוניליוור</ManufacturerName>
      <ManufactureCountry>IT</ManufactureCountry>
      <ManufacturerItemDescription>דאודורנט דאב</ManufacturerItemDescription>
      <UnitQty>מיליליטרים</UnitQty>
      <Quantity>150.00</Quantity>
      <bIsWeighted>0</bIsWeighted>
      <UnitOfMeasure>100 מ"ל</UnitOfMeasure>
      <QtyInPackage>1</QtyInPackage>
      <ItemPrice>14.90</ItemPrice>
      <UnitOfMeasurePrice>9.93</UnitOfMeasurePrice>
      <AllowDiscount>1</AllowDiscount>
      <ItemStatus>1</ItemStatus>
    </Item>
    <Item>
      <PriceUpdateDate>2020-01-20 00:14</PriceUpdateDate>
      <ItemCode>8710447331095</ItemCode>
      <ItemType>1</ItemType>
      <ItemName>טרזמה מסכת בוטניק 300 מ"</ItemName>
      <ManufacturerName>יוניליוור פולין</ManufacturerName>
      <ManufactureCountry>PL</ManufactureCountry>
      <ManufacturerItemDescription>מסכה טרזמה</ManufacturerItemDescription>
      <UnitQty>מיליליטרים</UnitQty>
      <Quantity>300.00</Quantity>
      <bIsWeighted>0</bIsWeighted>
      <UnitOfMeasure>100 מ"ל</UnitOfMeasure>
      <QtyInPackage>1</QtyInPackage>
      <ItemPrice>32.90</ItemPrice>
      <UnitOfMeasurePrice>10.97</UnitOfMeasurePrice>
      <AllowDiscount>1</AllowDiscount>
      <ItemStatus>1</ItemStatus>
    </Item>
    <Item>
      <PriceUpdateDate>2020-01-20 00:09</PriceUpdateDate>
      <ItemCode>8710502230011</ItemCode>
      <ItemType>1</ItemType>
      <ItemName>עוג.שוקו צ'יפס מרבה300גר</ItemName>
      <ManufacturerName>מרבה</ManufacturerName>
      <ManufactureCountry>NL</ManufactureCountry>
      <ManufacturerItemDescription>עוגיות מרבה</ManufacturerItemDescription>
      <UnitQty>גרמים</UnitQty>
      <Quantity>300.00</Quantity>
      <bIsWeighted>0</bIsWeighted>
      <UnitOfMeasure>100 גרם</UnitOfMeasure>
      <QtyInPackage>0</QtyInPackage>
      <ItemPrice>11.50</ItemPrice>
      <UnitOfMeasurePrice>3.83</UnitOfMeasurePrice>
      <AllowDiscount>1</AllowDiscount>
      <ItemStatus>1</ItemStatus>
    </Item>
    <Item>
      <PriceUpdateDate>2020-10-10 19:40</PriceUpdateDate>
      <ItemCode>8710522320143</ItemCode>
      <ItemType>1</ItemType>
      <ItemName>דאב תחליב רחצה קשמיר500מ</ItemName>
      <ManufacturerName>יוניליוור גרמניה Gmbh &amp;</ManufacturerName>
      <ManufactureCountry>DE</ManufactureCountry>
      <ManufacturerItemDescription>דאב תחליב רחצה</ManufacturerItemDescription>
      <UnitQty>מיליליטרים</UnitQty>
      <Quantity>500.00</Quantity>
      <bIsWeighted>0</bIsWeighted>
      <UnitOfMeasure>100 מ"ל</UnitOfMeasure>
      <QtyInPackage>1</QtyInPackage>
      <ItemPrice>9.90</ItemPrice>
      <UnitOfMeasurePrice>1.98</UnitOfMeasurePrice>
      <AllowDiscount>1</AllowDiscount>
      <ItemStatus>1</ItemStatus>
    </Item>
    <Item>
      <PriceUpdateDate>2020-10-10 21:00</PriceUpdateDate>
      <ItemCode>8710847860843</ItemCode>
      <ItemType>1</ItemType>
      <ItemName>רקסונה רולאון אינביז50.מ</ItemName>
      <ManufacturerName>יוניליוור אנגליה</ManufacturerName>
      <ManufactureCountry>GB</ManufactureCountry>
      <ManufacturerItemDescription>דאודורנט רקסונה</ManufacturerItemDescription>
      <UnitQty>מיליליטרים</UnitQty>
      <Quantity>50.00</Quantity>
      <bIsWeighted>0</bIsWeighted>
      <UnitOfMeasure>100 מ"ל</UnitOfMeasure>
      <QtyInPackage>1</QtyInPackage>
      <ItemPrice>12.90</ItemPrice>
      <UnitOfMeasurePrice>25.80</UnitOfMeasurePrice>
      <AllowDiscount>1</AllowDiscount>
      <ItemStatus>1</ItemStatus>
    </Item>
    <Item>
      <PriceUpdateDate>2020-10-10 21:00</PriceUpdateDate>
      <ItemCode>8710847898853</ItemCode>
      <ItemType>1</ItemType>
      <ItemName>רקסונה מן אקסטרה קול150מ</ItemName>
      <ManufacturerName>יוניליוור אנגליה, דרך קו</ManufacturerName>
      <ManufactureCountry>GB</ManufactureCountry>
      <ManufacturerItemDescription>דאו.רקסונה ספריי</ManufacturerItemDescription>
      <UnitQty>מיליליטרים</UnitQty>
      <Quantity>150.00</Quantity>
      <bIsWeighted>0</bIsWeighted>
      <UnitOfMeasure>100 מ"ל</UnitOfMeasure>
      <QtyInPackage>1</QtyInPackage>
      <ItemPrice>12.90</ItemPrice>
      <UnitOfMeasurePrice>8.60</UnitOfMeasurePrice>
      <AllowDiscount>1</AllowDiscount>
      <ItemStatus>1</ItemStatus>
    </Item>
    <Item>
      <PriceUpdateDate>2020-10-10 21:00</PriceUpdateDate>
      <ItemCode>8710847904172</ItemCode>
      <ItemType>1</ItemType>
      <ItemName>רקסונה מן סיטרוט 150מ"ל</ItemName>
      <ManufacturerName>יוניליוור</ManufacturerName>
      <ManufactureCountry>GB</ManufactureCountry>
      <ManufacturerItemDescription>דאודורנט רקסונה</ManufacturerItemDescription>
      <UnitQty>מיליליטרים</UnitQty>
      <Quantity>150.00</Quantity>
      <bIsWeighted>0</bIsWeighted>
      <UnitOfMeasure>100 מ"ל</UnitOfMeasure>
      <QtyInPackage>1</QtyInPackage>
      <ItemPrice>12.90</ItemPrice>
      <UnitOfMeasurePrice>8.60</UnitOfMeasurePrice>
      <AllowDiscount>1</AllowDiscount>
      <ItemStatus>1</ItemStatus>
    </Item>
    <Item>
      <PriceUpdateDate>2020-10-10 21:00</PriceUpdateDate>
      <ItemCode>8710847962592</ItemCode>
      <ItemType>1</ItemType>
      <ItemName>אקס ספריי פרש ברגמוט150</ItemName>
      <ManufacturerName>יוניליוור אנגליה, דרך קו</ManufacturerName>
      <ManufactureCountry>GB</ManufactureCountry>
      <ManufacturerItemDescription>אקס ספריי</ManufacturerItemDescription>
      <UnitQty>מיליליטרים</UnitQty>
      <Quantity>150.00</Quantity>
      <bIsWeighted>0</bIsWeighted>
      <UnitOfMeasure>100 מ"ל</UnitOfMeasure>
      <QtyInPackage>1</QtyInPackage>
      <ItemPrice>12.90</ItemPrice>
      <UnitOfMeasurePrice>8.60</UnitOfMeasurePrice>
      <AllowDiscount>1</AllowDiscount>
      <ItemStatus>1</ItemStatus>
    </Item>
    <Item>
      <PriceUpdateDate>2020-10-10 21:00</PriceUpdateDate>
      <ItemCode>8710847962608</ItemCode>
      <ItemType>1</ItemType>
      <ItemName>אקס ספריי גוף מוחיטו150מ</ItemName>
      <ManufacturerName>יוניליוור אנגליה, דרך קו</ManufacturerName>
      <ManufactureCountry>GB</ManufactureCountry>
      <ManufacturerItemDescription>אקס ספריי</ManufacturerItemDescription>
      <UnitQty>מיליליטרים</UnitQty>
      <Quantity>150.00</Quantity>
      <bIsWeighted>0</bIsWeighted>
      <UnitOfMeasure>100 מ"ל</UnitOfMeasure>
      <QtyInPackage>1</QtyInPackage>
      <ItemPrice>12.90</ItemPrice>
      <UnitOfMeasurePrice>8.60</UnitOfMeasurePrice>
      <AllowDiscount>1</AllowDiscount>
      <ItemStatus>1</ItemStatus>
    </Item>
    <Item>
      <PriceUpdateDate>2020-10-10 21:00</PriceUpdateDate>
      <ItemCode>8710847995590</ItemCode>
      <ItemType>1</ItemType>
      <ItemName>רקסונה ספריי פרוט ספי150</ItemName>
      <ManufacturerName>יוניליוור אנגליה, דרך קו</ManufacturerName>
      <ManufactureCountry>GB</ManufactureCountry>
      <ManufacturerItemDescription>דאודורנט רקסונה</ManufacturerItemDescription>
      <UnitQty>מיליליטרים</UnitQty>
      <Quantity>150.00</Quantity>
      <bIsWeighted>0</bIsWeighted>
      <UnitOfMeasure>100 מ"ל</UnitOfMeasure>
      <QtyInPackage>1</QtyInPackage>
      <ItemPrice>12.90</ItemPrice>
      <UnitOfMeasurePrice>8.60</UnitOfMeasurePrice>
      <AllowDiscount>1</AllowDiscount>
      <ItemStatus>1</ItemStatus>
    </Item>
    <Item>
      <PriceUpdateDate>2020-10-11 22:20</PriceUpdateDate>
      <ItemCode>8710908160226</ItemCode>
      <ItemType>1</ItemType>
      <ItemName>מרכך טרזמה לפני חפיפה500</ItemName>
      <ManufacturerName>יוניליוור פולין</ManufacturerName>
      <ManufactureCountry>PL</ManufactureCountry>
      <ManufacturerItemDescription>מרכך טרזמה</ManufacturerItemDescription>
      <UnitQty>מיליליטרים</UnitQty>
      <Quantity>500.00</Quantity>
      <bIsWeighted>0</bIsWeighted>
      <UnitOfMeasure>100 מ"ל</UnitOfMeasure>
      <QtyInPackage>1</QtyInPackage>
      <ItemPrice>9.90</ItemPrice>
      <UnitOfMeasurePrice>1.98</UnitOfMeasurePrice>
      <AllowDiscount>1</AllowDiscount>
      <ItemStatus>1</ItemStatus>
    </Item>
    <Item>
      <PriceUpdateDate>2020-10-10 21:00</PriceUpdateDate>
      <ItemCode>8710908251290</ItemCode>
      <ItemType>1</ItemType>
      <ItemName>רקסונה ספריי V8 לגבר150מ</ItemName>
      <ManufacturerName>יוניליוור אנגליה</ManufacturerName>
      <ManufactureCountry>GB</ManufactureCountry>
      <ManufacturerItemDescription>דאודורנט רקסונה</ManufacturerItemDescription>
      <UnitQty>מיליליטרים</UnitQty>
      <Quantity>150.00</Quantity>
      <bIsWeighted>0</bIsWeighted>
      <UnitOfMeasure>100 מ"ל</UnitOfMeasure>
      <QtyInPackage>1</QtyInPackage>
      <ItemPrice>12.90</ItemPrice>
      <UnitOfMeasurePrice>8.60</UnitOfMeasurePrice>
      <AllowDiscount>1</AllowDiscount>
      <ItemStatus>1</ItemStatus>
    </Item>
    <Item>
      <PriceUpdateDate>2020-01-20 00:14</PriceUpdateDate>
      <ItemCode>8710908266164</ItemCode>
      <ItemType>1</ItemType>
      <ItemName>אקס בושם סיגנטור 100 מ"ל</ItemName>
      <ManufacturerName>קוסמינט איטליה</ManufacturerName>
      <ManufactureCountry>IT</ManufactureCountry>
      <ManufacturerItemDescription>אקס בושם סיגנטור</ManufacturerItemDescription>
      <UnitQty>מיליליטרים</UnitQty>
      <Quantity>100.00</Quantity>
      <bIsWeighted>0</bIsWeighted>
      <UnitOfMeasure>100 מ"ל</UnitOfMeasure>
      <QtyInPackage>1</QtyInPackage>
      <ItemPrice>39.90</ItemPrice>
      <UnitOfMeasurePrice>39.90</UnitOfMeasurePrice>
      <AllowDiscount>1</AllowDiscount>
      <ItemStatus>1</ItemStatus>
    </Item>
    <Item>
      <PriceUpdateDate>2020-10-10 21:00</PriceUpdateDate>
      <ItemCode>8710908277795</ItemCode>
      <ItemType>1</ItemType>
      <ItemName>אקס ווקס לשיער אורבן 75מ</ItemName>
      <ManufacturerName>יוניליוור</ManufacturerName>
      <ManufactureCountry>PL</ManufactureCountry>
      <ManufacturerItemDescription>אקס ווקס לשיער</ManufacturerItemDescription>
      <UnitQty>מיליליטרים</UnitQty>
      <Quantity>75.00</Quantity>
      <bIsWeighted>0</bIsWeighted>
      <UnitOfMeasure>100 מ"ל</UnitOfMeasure>
      <QtyInPackage>1</QtyInPackage>
      <ItemPrice>29.90</ItemPrice>
      <UnitOfMeasurePrice>39.87</UnitOfMeasurePrice>
      <AllowDiscount>1</AllowDiscount>
      <ItemStatus>1</ItemStatus>
    </Item>
    <Item>
      <PriceUpdateDate>2020-10-10 21:00</PriceUpdateDate>
      <ItemCode>8710908326691</ItemCode>
      <ItemType>1</ItemType>
      <ItemName>דאב תחליב רח.אדמונית750</ItemName>
      <ManufacturerName>יוניליוור</ManufacturerName>
      <ManufactureCountry>DE</ManufactureCountry>
      <ManufacturerItemDescription>תחליב רחצה דאב</ManufacturerItemDescription>
      <UnitQty>מיליליטרים</UnitQty>
      <Quantity>750.00</Quantity>
      <bIsWeighted>0</bIsWeighted>
      <UnitOfMeasure>100 מ"ל</UnitOfMeasure>
      <QtyInPackage>1</QtyInPackage>
      <ItemPrice>14.90</ItemPrice>
      <UnitOfMeasurePrice>1.99</UnitOfMeasurePrice>
      <AllowDiscount>1</AllowDiscount>
      <ItemStatus>1</ItemStatus>
    </Item>
    <Item>
      <PriceUpdateDate>2020-10-10 19:40</PriceUpdateDate>
      <ItemCode>8710908326899</ItemCode>
      <ItemType>1</ItemType>
      <ItemName>דאב תחליב רח.אדמונית 500</ItemName>
      <ManufacturerName>יוניליוור</ManufacturerName>
      <ManufactureCountry>DE</ManufactureCountry>
      <ManufacturerItemDescription>דאב תחליב רחצה א</ManufacturerItemDescription>
      <UnitQty>מיליליטרים</UnitQty>
      <Quantity>500.00</Quantity>
      <bIsWeighted>0</bIsWeighted>
      <UnitOfMeasure>100 מ"ל</UnitOfMeasure>
      <QtyInPackage>1</QtyInPackage>
      <ItemPrice>9.90</ItemPrice>
      <UnitOfMeasurePrice>1.98</UnitOfMeasurePrice>
      <AllowDiscount>1</AllowDiscount>
      <ItemStatus>1</ItemStatus>
    </Item>
    <Item>
      <PriceUpdateDate>2020-10-13 11:50</PriceUpdateDate>
      <ItemCode>8710908404184</ItemCode>
      <ItemType>1</ItemType>
      <ItemName>דאו.דאב 0% אלומיניום150מ</ItemName>
      <ManufacturerName>יוניליוור</ManufacturerName>
      <ManufactureCountry>IT</ManufactureCountry>
      <ManufacturerItemDescription>דאודורנט דאב</ManufacturerItemDescription>
      <UnitQty>מיליליטרים</UnitQty>
      <Quantity>150.00</Quantity>
      <bIsWeighted>0</bIsWeighted>
      <UnitOfMeasure>100 מ"ל</UnitOfMeasure>
      <QtyInPackage>1</QtyInPackage>
      <ItemPrice>14.90</ItemPrice>
      <UnitOfMeasurePrice>9.93</UnitOfMeasurePrice>
      <AllowDiscount>1</AllowDiscount>
      <ItemStatus>1</ItemStatus>
    </Item>
    <Item>
      <PriceUpdateDate>2020-10-10 19:40</PriceUpdateDate>
      <ItemCode>8710908643071</ItemCode>
      <ItemType>1</ItemType>
      <ItemName>דאב תחליב רח.שמן מרוק500</ItemName>
      <ManufacturerName>יוניליוור</ManufacturerName>
      <ManufactureCountry>DE</ManufactureCountry>
      <ManufacturerItemDescription>תחליב רחצה דאב</ManufacturerItemDescription>
      <UnitQty>מיליליטרים</UnitQty>
      <Quantity>500.00</Quantity>
      <bIsWeighted>0</bIsWeighted>
      <UnitOfMeasure>100 מ"ל</UnitOfMeasure>
      <QtyInPackage>1</QtyInPackage>
      <ItemPrice>9.90</ItemPrice>
      <UnitOfMeasurePrice>1.98</UnitOfMeasurePrice>
      <AllowDiscount>1</AllowDiscount>
      <ItemStatus>1</ItemStatus>
    </Item>
    <Item>
      <PriceUpdateDate>2020-01-20 00:14</PriceUpdateDate>
      <ItemCode>8710908693809</ItemCode>
      <ItemType>1</ItemType>
      <ItemName>מסכה טרזמה עם קרטין 300</ItemName>
      <ManufacturerName>יוניליוור פולין</ManufacturerName>
      <ManufactureCountry>PL</ManufactureCountry>
      <ManufacturerItemDescription>מסכה טרזמה</ManufacturerItemDescription>
      <UnitQty>מיליליטרים</UnitQty>
      <Quantity>300.00</Quantity>
      <bIsWeighted>0</bIsWeighted>
      <UnitOfMeasure>100 מ"ל</UnitOfMeasure>
      <QtyInPackage>1</QtyInPackage>
      <ItemPrice>32.90</ItemPrice>
      <UnitOfMeasurePrice>10.97</UnitOfMeasurePrice>
      <AllowDiscount>1</AllowDiscount>
      <ItemStatus>1</ItemStatus>
    </Item>
    <Item>
      <PriceUpdateDate>2020-10-10 21:00</PriceUpdateDate>
      <ItemCode>8710908778230</ItemCode>
      <ItemType>1</ItemType>
      <ItemName>דאב תח.גוף שמן קוקוס400מ</ItemName>
      <ManufacturerName>יוניליוור גרמניה</ManufacturerName>
      <ManufactureCountry>DE</ManufactureCountry>
      <ManufacturerItemDescription>תחליב גוף דאב</ManufacturerItemDescription>
      <UnitQty>מיליליטרים</UnitQty>
      <Quantity>400.00</Quantity>
      <bIsWeighted>0</bIsWeighted>
      <UnitOfMeasure>100 מ"ל</UnitOfMeasure>
      <QtyInPackage>1</QtyInPackage>
      <ItemPrice>21.90</ItemPrice>
      <UnitOfMeasurePrice>5.48</UnitOfMeasurePrice>
      <AllowDiscount>1</AllowDiscount>
      <ItemStatus>1</ItemStatus>
    </Item>
    <Item>
      <PriceUpdateDate>2020-10-10 19:40</PriceUpdateDate>
      <ItemCode>8710908881121</ItemCode>
      <ItemType>1</ItemType>
      <ItemName>תחליב רחצה דאב לוטוס500מ</ItemName>
      <ManufacturerName>יוניליוור</ManufacturerName>
      <ManufactureCountry>DE</ManufactureCountry>
      <ManufacturerItemDescription>תחליב רחצה דאב</ManufacturerItemDescription>
      <UnitQty>מיליליטרים</UnitQty>
      <Quantity>500.00</Quantity>
      <bIsWeighted>0</bIsWeighted>
      <UnitOfMeasure>100 מ"ל</UnitOfMeasure>
      <QtyInPackage>1</QtyInPackage>
      <ItemPrice>9.90</ItemPrice>
      <UnitOfMeasurePrice>1.98</UnitOfMeasurePrice>
      <AllowDiscount>1</AllowDiscount>
      <ItemStatus>1</ItemStatus>
    </Item>
    <Item>
      <PriceUpdateDate>2020-01-20 00:21</PriceUpdateDate>
      <ItemCode>8712400802499</ItemCode>
      <ItemType>1</ItemType>
      <ItemName>נוטרילון שלב1- 800 גרם</ItemName>
      <ManufacturerName>נוטרישיה קאלק</ManufacturerName>
      <ManufactureCountry>NL</ManufactureCountry>
      <ManufacturerItemDescription>נוטרילון שלה1-</ManufacturerItemDescription>
      <UnitQty>גרמים</UnitQty>
      <Quantity>800.00</Quantity>
      <bIsWeighted>0</bIsWeighted>
      <UnitOfMeasure>100 גרם</UnitOfMeasure>
      <QtyInPackage>0</QtyInPackage>
      <ItemPrice>67.90</ItemPrice>
      <UnitOfMeasurePrice>8.49</UnitOfMeasurePrice>
      <AllowDiscount>1</AllowDiscount>
      <ItemStatus>1</ItemStatus>
    </Item>
    <Item>
      <PriceUpdateDate>2020-01-20 00:21</PriceUpdateDate>
      <ItemCode>8712400802512</ItemCode>
      <ItemType>1</ItemType>
      <ItemName>נוטרילון שלב2- 800 גרם</ItemName>
      <ManufacturerName>נוטרישיה קאלק</ManufacturerName>
      <ManufactureCountry>NL</ManufactureCountry>
      <ManufacturerItemDescription>נוטרילון שלב2-</ManufacturerItemDescription>
      <UnitQty>גרמים</UnitQty>
      <Quantity>800.00</Quantity>
      <bIsWeighted>0</bIsWeighted>
      <UnitOfMeasure>100 גרם</UnitOfMeasure>
      <QtyInPackage>0</QtyInPackage>
      <ItemPrice>67.90</ItemPrice>
      <UnitOfMeasurePrice>8.49</UnitOfMeasurePrice>
      <AllowDiscount>1</AllowDiscount>
      <ItemStatus>1</ItemStatus>
    </Item>
    <Item>
      <PriceUpdateDate>2020-01-20 00:21</PriceUpdateDate>
      <ItemCode>8712400802536</ItemCode>
      <ItemType>1</ItemType>
      <ItemName>נוטרילון שלב3- 800 גרם</ItemName>
      <ManufacturerName>נוטרישיה קאלק</ManufacturerName>
      <ManufactureCountry>NL</ManufactureCountry>
      <ManufacturerItemDescription>נוטרילון שלב3-</ManufacturerItemDescription>
      <UnitQty>גרמים</UnitQty>
      <Quantity>800.00</Quantity>
      <bIsWeighted>0</bIsWeighted>
      <UnitOfMeasure>100 גרם</UnitOfMeasure>
      <QtyInPackage>0</QtyInPackage>
      <ItemPrice>67.90</ItemPrice>
      <UnitOfMeasurePrice>8.49</UnitOfMeasurePrice>
      <AllowDiscount>1</AllowDiscount>
      <ItemStatus>1</ItemStatus>
    </Item>
    <Item>
      <PriceUpdateDate>2020-10-10 19:40</PriceUpdateDate>
      <ItemCode>8712561594240</ItemCode>
      <ItemType>1</ItemType>
      <ItemName>תח.רחצה דאב הזנה עמוק500</ItemName>
      <ManufacturerName>יוניליוור</ManufacturerName>
      <ManufactureCountry>DE</ManufactureCountry>
      <ManufacturerItemDescription>תחליב רחצה דאב</ManufacturerItemDescription>
      <UnitQty>מיליליטרים</UnitQty>
      <Quantity>500.00</Quantity>
      <bIsWeighted>0</bIsWeighted>
      <UnitOfMeasure>100 מ"ל</UnitOfMeasure>
      <QtyInPackage>1</QtyInPackage>
      <ItemPrice>9.90</ItemPrice>
      <UnitOfMeasurePrice>1.98</UnitOfMeasurePrice>
      <AllowDiscount>1</AllowDiscount>
      <ItemStatus>1</ItemStatus>
    </Item>
    <Item>
      <PriceUpdateDate>2020-10-10 21:00</PriceUpdateDate>
      <ItemCode>8712561594608</ItemCode>
      <ItemType>1</ItemType>
      <ItemName>תח.רחצה להזנה עמוקה 750מ</ItemName>
      <ManufacturerName>יוניליוור</ManufacturerName>
      <ManufactureCountry>DE</ManufactureCountry>
      <ManufacturerItemDescription>תחליב רחצה דאב</ManufacturerItemDescription>
      <UnitQty>מיליליטרים</UnitQty>
      <Quantity>750.00</Quantity>
      <bIsWeighted>0</bIsWeighted>
      <UnitOfMeasure>100 מ"ל</UnitOfMeasure>
      <QtyInPackage>1</QtyInPackage>
      <ItemPrice>14.90</ItemPrice>
      <UnitOfMeasurePrice>1.99</UnitOfMeasurePrice>
      <AllowDiscount>1</AllowDiscount>
      <ItemStatus>1</ItemStatus>
    </Item>
    <Item>
      <PriceUpdateDate>2020-10-10 19:40</PriceUpdateDate>
      <ItemCode>8712561611183</ItemCode>
      <ItemType>1</ItemType>
      <ItemName>תח. רחצה דאב תה ירוק 500</ItemName>
      <ManufacturerName>יוניליוור</ManufacturerName>
      <ManufactureCountry>DE</ManufactureCountry>
      <ManufacturerItemDescription>תחליב רחצה דאב</ManufacturerItemDescription>
      <UnitQty>מיליליטרים</UnitQty>
      <Quantity>500.00</Quantity>
      <bIsWeighted>0</bIsWeighted>
      <UnitOfMeasure>100 מ"ל</UnitOfMeasure>
      <QtyInPackage>1</QtyInPackage>
      <ItemPrice>9.90</ItemPrice>
      <UnitOfMeasurePrice>1.98</UnitOfMeasurePrice>
      <AllowDiscount>1</AllowDiscount>
      <ItemStatus>1</ItemStatus>
    </Item>
    <Item>
      <PriceUpdateDate>2020-10-10 21:00</PriceUpdateDate>
      <ItemCode>8712561611411</ItemCode>
      <ItemType>1</ItemType>
      <ItemName>תח.רחצה דאב תה ירוק 750מ</ItemName>
      <ManufacturerName>יוניליוור</ManufacturerName>
      <ManufactureCountry>DE</ManufactureCountry>
      <ManufacturerItemDescription>תחליב רחצה דאב</ManufacturerItemDescription>
      <UnitQty>מיליליטרים</UnitQty>
      <Quantity>750.00</Quantity>
      <bIsWeighted>0</bIsWeighted>
      <UnitOfMeasure>100 מ"ל</UnitOfMeasure>
      <QtyInPackage>1</QtyInPackage>
      <ItemPrice>14.90</ItemPrice>
      <UnitOfMeasurePrice>1.99</UnitOfMeasurePrice>
      <AllowDiscount>1</AllowDiscount>
      <ItemStatus>1</ItemStatus>
    </Item>
    <Item>
      <PriceUpdateDate>2020-10-10 21:00</PriceUpdateDate>
      <ItemCode>8712561626286</ItemCode>
      <ItemType>1</ItemType>
      <ItemName>תחליב רחצה דאב זוהר 750מ</ItemName>
      <ManufacturerName>יוניליוור</ManufacturerName>
      <ManufactureCountry>DE</ManufactureCountry>
      <ManufacturerItemDescription>תחליב רחצה דאב</ManufacturerItemDescription>
      <UnitQty>מיליליטרים</UnitQty>
      <Quantity>750.00</Quantity>
      <bIsWeighted>0</bIsWeighted>
      <UnitOfMeasure>100 מ"ל</UnitOfMeasure>
      <QtyInPackage>1</QtyInPackage>
      <ItemPrice>14.90</ItemPrice>
      <UnitOfMeasurePrice>1.99</UnitOfMeasurePrice>
      <AllowDiscount>1</AllowDiscount>
      <ItemStatus>1</ItemStatus>
    </Item>
    <Item>
      <PriceUpdateDate>2020-10-10 21:00</PriceUpdateDate>
      <ItemCode>8712561631570</ItemCode>
      <ItemType>1</ItemType>
      <ItemName>תח.רחצה דאב חלב קוקוס750</ItemName>
      <ManufacturerName>יוניליוור</ManufacturerName>
      <ManufactureCountry>DE</ManufactureCountry>
      <ManufacturerItemDescription>תחליב רחצה דאב</ManufacturerItemDescription>
      <UnitQty>מיליליטרים</UnitQty>
      <Quantity>750.00</Quantity>
      <bIsWeighted>0</bIsWeighted>
      <UnitOfMeasure>100 מ"ל</UnitOfMeasure>
      <QtyInPackage>1</QtyInPackage>
      <ItemPrice>14.90</ItemPrice>
      <UnitOfMeasurePrice>1.99</UnitOfMeasurePrice>
      <AllowDiscount>1</AllowDiscount>
      <ItemStatus>1</ItemStatus>
    </Item>
    <Item>
      <PriceUpdateDate>2020-10-10 21:00</PriceUpdateDate>
      <ItemCode>8714100730003</ItemCode>
      <ItemType>1</ItemType>
      <ItemName>דאב מים מיסלרים 240 מ"ל</ItemName>
      <ManufacturerName>יוניליוור</ManufacturerName>
      <ManufactureCountry>RU</ManufactureCountry>
      <ManufacturerItemDescription>דאב מים מיסלרים</ManufacturerItemDescription>
      <UnitQty>מיליליטרים</UnitQty>
      <Quantity>240.00</Quantity>
      <bIsWeighted>0</bIsWeighted>
      <UnitOfMeasure>100 מ"ל</UnitOfMeasure>
      <QtyInPackage>1</QtyInPackage>
      <ItemPrice>12.90</ItemPrice>
      <UnitOfMeasurePrice>5.38</UnitOfMeasurePrice>
      <AllowDiscount>1</AllowDiscount>
      <ItemStatus>1</ItemStatus>
    </Item>
    <Item>
      <PriceUpdateDate>2020-10-10 20:20</PriceUpdateDate>
      <ItemCode>8714789177229</ItemCode>
      <ItemType>1</ItemType>
      <ItemName>4 מב.קולגייט אקסטרה קלין</ItemName>
      <ManufacturerName>קולגייט פלמוליב</ManufacturerName>
      <ManufactureCountry>CN</ManufactureCountry>
      <ManufacturerItemDescription>4 מברשות שיניים</ManufacturerItemDescription>
      <UnitQty>יחידה</UnitQty>
      <Quantity>1.00</Quantity>
      <bIsWeighted>0</bIsWeighted>
      <UnitOfMeasure>יחידה</UnitOfMeasure>
      <QtyInPackage>0</QtyInPackage>
      <ItemPrice>11.90</ItemPrice>
      <UnitOfMeasurePrice>11.90</UnitOfMeasurePrice>
      <AllowDiscount>1</AllowDiscount>
      <ItemStatus>1</ItemStatus>
    </Item>
    <Item>
      <PriceUpdateDate>2020-10-10 20:20</PriceUpdateDate>
      <ItemCode>8714789303925</ItemCode>
      <ItemType>1</ItemType>
      <ItemName>2 מברשות קולגייט סנסטיב</ItemName>
      <ManufacturerName>קולגייט- פלמוליב</ManufacturerName>
      <ManufactureCountry>CH</ManufactureCountry>
      <ManufacturerItemDescription>2 מברשות שיניים</ManufacturerItemDescription>
      <UnitQty>יחידה</UnitQty>
      <Quantity>1.00</Quantity>
      <bIsWeighted>0</bIsWeighted>
      <UnitOfMeasure>יחידה</UnitOfMeasure>
      <QtyInPackage>0</QtyInPackage>
      <ItemPrice>26.90</ItemPrice>
      <UnitOfMeasurePrice>26.90</UnitOfMeasurePrice>
      <AllowDiscount>1</AllowDiscount>
      <ItemStatus>1</ItemStatus>
    </Item>
    <Item>
      <PriceUpdateDate>2020-01-20 00:21</PriceUpdateDate>
      <ItemCode>8714789582764</ItemCode>
      <ItemType>1</ItemType>
      <ItemName>מרסס לניקוי חלונות 750 מ</ItemName>
      <ManufacturerName>ש. שסטוביץ בע"\מ</ManufacturerName>
      <ManufactureCountry>GR</ManufactureCountry>
      <ManufacturerItemDescription>מרסס לחלונות</ManufacturerItemDescription>
      <UnitQty>מיליליטרים</UnitQty>
      <Quantity>750.00</Quantity>
      <bIsWeighted>0</bIsWeighted>
      <UnitOfMeasure>100 מ"ל</UnitOfMeasure>
      <QtyInPackage>0</QtyInPackage>
      <ItemPrice>14.90</ItemPrice>
      <UnitOfMeasurePrice>1.99</UnitOfMeasurePrice>
      <AllowDiscount>1</AllowDiscount>
      <ItemStatus>1</ItemStatus>
    </Item>
    <Item>
      <PriceUpdateDate>2020-01-20 00:14</PriceUpdateDate>
      <ItemCode>8714789835112</ItemCode>
      <ItemType>1</ItemType>
      <ItemName>מברשת חשמלית אופטיק וויט</ItemName>
      <ManufacturerName>קולגייט</ManufacturerName>
      <ManufactureCountry>CN</ManufactureCountry>
      <ManufacturerItemDescription>מברשת חשמלית</ManufacturerItemDescription>
      <UnitQty>יחידה</UnitQty>
      <Quantity>1.00</Quantity>
      <bIsWeighted>0</bIsWeighted>
      <UnitOfMeasure>יחידה</UnitOfMeasure>
      <QtyInPackage>0</QtyInPackage>
      <ItemPrice>65.90</ItemPrice>
      <UnitOfMeasurePrice>65.90</UnitOfMeasurePrice>
      <AllowDiscount>1</AllowDiscount>
      <ItemStatus>1</ItemStatus>
    </Item>
    <Item>
      <PriceUpdateDate>2020-10-10 20:20</PriceUpdateDate>
      <ItemCode>8714789930848</ItemCode>
      <ItemType>1</ItemType>
      <ItemName>משחת אופטיק וייט אינסט75</ItemName>
      <ManufacturerName>קולגייט פלמוליב</ManufacturerName>
      <ManufactureCountry>PL</ManufactureCountry>
      <ManufacturerItemDescription>משחת קולגייט</ManufacturerItemDescription>
      <UnitQty>מיליליטרים</UnitQty>
      <Quantity>75.00</Quantity>
      <bIsWeighted>0</bIsWeighted>
      <UnitOfMeasure>100 מ"ל</UnitOfMeasure>
      <QtyInPackage>0</QtyInPackage>
      <ItemPrice>18.90</ItemPrice>
      <UnitOfMeasurePrice>25.20</UnitOfMeasurePrice>
      <AllowDiscount>1</AllowDiscount>
      <ItemStatus>1</ItemStatus>
    </Item>
    <Item>
      <PriceUpdateDate>2020-10-10 21:00</PriceUpdateDate>
      <ItemCode>8717163607305</ItemCode>
      <ItemType>1</ItemType>
      <ItemName>סב.דאב מוצק גרגרים100*4ג</ItemName>
      <ManufacturerName>יוניליוור</ManufacturerName>
      <ManufactureCountry>DE</ManufactureCountry>
      <ManufacturerItemDescription>סבון דאב רביעייה</ManufacturerItemDescription>
      <UnitQty>גרמים</UnitQty>
      <Quantity>400.00</Quantity>
      <bIsWeighted>0</bIsWeighted>
      <UnitOfMeasure>100 גרם</UnitOfMeasure>
      <QtyInPackage>0</QtyInPackage>
      <ItemPrice>12.90</ItemPrice>
      <UnitOfMeasurePrice>3.23</UnitOfMeasurePrice>
      <AllowDiscount>1</AllowDiscount>
      <ItemStatus>1</ItemStatus>
    </Item>
    <Item>
      <PriceUpdateDate>2020-06-26 00:03</PriceUpdateDate>
      <ItemCode>8717163628355</ItemCode>
      <ItemType>1</ItemType>
      <ItemName>טרזמה מרכך להחלקה 400 מ"</ItemName>
      <ManufacturerName>יוניליוור</ManufacturerName>
      <ManufactureCountry>PL</ManufactureCountry>
      <ManufacturerItemDescription>טרזמה שמפו קרטין</ManufacturerItemDescription>
      <UnitQty>מיליליטרים</UnitQty>
      <Quantity>400.00</Quantity>
      <bIsWeighted>0</bIsWeighted>
      <UnitOfMeasure>100 מ"ל</UnitOfMeasure>
      <QtyInPackage>1</QtyInPackage>
      <ItemPrice>22.90</ItemPrice>
      <UnitOfMeasurePrice>5.73</UnitOfMeasurePrice>
      <AllowDiscount>1</AllowDiscount>
      <ItemStatus>1</ItemStatus>
    </Item>
    <Item>
      <PriceUpdateDate>2020-06-26 00:03</PriceUpdateDate>
      <ItemCode>8717163628812</ItemCode>
      <ItemType>1</ItemType>
      <ItemName>טרזמה מסכה להחלקה300 מ"ל</ItemName>
      <ManufacturerName>יוניליוור</ManufacturerName>
      <ManufactureCountry>PL</ManufactureCountry>
      <ManufacturerItemDescription>טרזמה מסכה משקמת</ManufacturerItemDescription>
      <UnitQty>מיליליטרים</UnitQty>
      <Quantity>300.00</Quantity>
      <bIsWeighted>0</bIsWeighted>
      <UnitOfMeasure>100 מ"ל</UnitOfMeasure>
      <QtyInPackage>1</QtyInPackage>
      <ItemPrice>32.90</ItemPrice>
      <UnitOfMeasurePrice>10.97</UnitOfMeasurePrice>
      <AllowDiscount>1</AllowDiscount>
      <ItemStatus>1</ItemStatus>
    </Item>
    <Item>
      <PriceUpdateDate>2020-06-26 00:03</PriceUpdateDate>
      <ItemCode>8717163630105</ItemCode>
      <ItemType>1</ItemType>
      <ItemName>טרזמה שמפו להחלקה400 מ"ל</ItemName>
      <ManufacturerName>יוניליוור</ManufacturerName>
      <ManufactureCountry>IT</ManufactureCountry>
      <ManufacturerItemDescription>טרזמה שמפו</ManufacturerItemDescription>
      <UnitQty>מיליליטרים</UnitQty>
      <Quantity>400.00</Quantity>
      <bIsWeighted>0</bIsWeighted>
      <UnitOfMeasure>100 מ"ל</UnitOfMeasure>
      <QtyInPackage>1</QtyInPackage>
      <ItemPrice>22.90</ItemPrice>
      <UnitOfMeasurePrice>5.73</UnitOfMeasurePrice>
      <AllowDiscount>1</AllowDiscount>
      <ItemStatus>1</ItemStatus>
    </Item>
    <Item>
      <PriceUpdateDate>2020-01-20 00:14</PriceUpdateDate>
      <ItemCode>8717163647196</ItemCode>
      <ItemType>1</ItemType>
      <ItemName>אקס ספריי גוף אנרכי150</ItemName>
      <ManufacturerName>יוניליוור אנגליה</ManufacturerName>
      <ManufactureCountry>GB</ManufactureCountry>
      <ManufacturerItemDescription>אקס ספריי נשים</ManufacturerItemDescription>
      <UnitQty>מיליליטרים</UnitQty>
      <Quantity>150.00</Quantity>
      <bIsWeighted>0</bIsWeighted>
      <UnitOfMeasure>100 מ"ל</UnitOfMeasure>
      <QtyInPackage>1</QtyInPackage>
      <ItemPrice>18.90</ItemPrice>
      <UnitOfMeasurePrice>12.60</UnitOfMeasurePrice>
      <AllowDiscount>1</AllowDiscount>
      <ItemStatus>1</ItemStatus>
    </Item>
    <Item>
      <PriceUpdateDate>2020-10-10 21:00</PriceUpdateDate>
      <ItemCode>8717163647202</ItemCode>
      <ItemType>1</ItemType>
      <ItemName>אקס ספריי גוף אנרכי 150מ</ItemName>
      <ManufacturerName>יוניליוור אנגליה</ManufacturerName>
      <ManufactureCountry>GB</ManufactureCountry>
      <ManufacturerItemDescription>אקס ספריי</ManufacturerItemDescription>
      <UnitQty>מיליליטרים</UnitQty>
      <Quantity>150.00</Quantity>
      <bIsWeighted>0</bIsWeighted>
      <UnitOfMeasure>100 מ"ל</UnitOfMeasure>
      <QtyInPackage>1</QtyInPackage>
      <ItemPrice>12.90</ItemPrice>
      <UnitOfMeasurePrice>8.60</UnitOfMeasurePrice>
      <AllowDiscount>1</AllowDiscount>
      <ItemStatus>1</ItemStatus>
    </Item>
    <Item>
      <PriceUpdateDate>2020-10-10 21:00</PriceUpdateDate>
      <ItemCode>8717163647219</ItemCode>
      <ItemType>1</ItemType>
      <ItemName>אקס ספריי גוף אפולו 150מ</ItemName>
      <ManufacturerName>יוניליוור אנגליה</ManufacturerName>
      <ManufactureCountry>GB</ManufactureCountry>
      <ManufacturerItemDescription>אקס ספריי</ManufacturerItemDescription>
      <UnitQty>מיליליטרים</UnitQty>
      <Quantity>150.00</Quantity>
      <bIsWeighted>0</bIsWeighted>
      <UnitOfMeasure>100 מ"ל</UnitOfMeasure>
      <QtyInPackage>1</QtyInPackage>
      <ItemPrice>12.90</ItemPrice>
      <UnitOfMeasurePrice>8.60</UnitOfMeasurePrice>
      <AllowDiscount>1</AllowDiscount>
      <ItemStatus>1</ItemStatus>
    </Item>
    <Item>
      <PriceUpdateDate>2020-10-10 21:00</PriceUpdateDate>
      <ItemCode>8717163647226</ItemCode>
      <ItemType>1</ItemType>
      <ItemName>אקס ספריי גוף בלאק 150מל</ItemName>
      <ManufacturerName>יוניליוור אנגליה</ManufacturerName>
      <ManufactureCountry>GB</ManufactureCountry>
      <ManufacturerItemDescription>אקס ספריי</ManufacturerItemDescription>
      <UnitQty>מיליליטרים</UnitQty>
      <Quantity>150.00</Quantity>
      <bIsWeighted>0</bIsWeighted>
      <UnitOfMeasure>100 מ"ל</UnitOfMeasure>
      <QtyInPackage>1</QtyInPackage>
      <ItemPrice>12.90</ItemPrice>
      <UnitOfMeasurePrice>8.60</UnitOfMeasurePrice>
      <AllowDiscount>1</AllowDiscount>
      <ItemStatus>1</ItemStatus>
    </Item>
    <Item>
      <PriceUpdateDate>2020-10-10 21:00</PriceUpdateDate>
      <ItemCode>8717163647233</ItemCode>
      <ItemType>1</ItemType>
      <ItemName>אקס ספרי בלאק נייט 150מ</ItemName>
      <ManufacturerName>יוניליוור אנגליה</ManufacturerName>
      <ManufactureCountry>GB</ManufactureCountry>
      <ManufacturerItemDescription>אקס ספריי</ManufacturerItemDescription>
      <UnitQty>מיליליטרים</UnitQty>
      <Quantity>150.00</Quantity>
      <bIsWeighted>0</bIsWeighted>
      <UnitOfMeasure>100 מ"ל</UnitOfMeasure>
      <QtyInPackage>1</QtyInPackage>
      <ItemPrice>12.90</ItemPrice>
      <UnitOfMeasurePrice>8.60</UnitOfMeasurePrice>
      <AllowDiscount>1</AllowDiscount>
      <ItemStatus>1</ItemStatus>
    </Item>
    <Item>
      <PriceUpdateDate>2020-10-10 21:00</PriceUpdateDate>
      <ItemCode>8717163647240</ItemCode>
      <ItemType>1</ItemType>
      <ItemName>אקס ספריי גוף שוקולד150מ</ItemName>
      <ManufacturerName>יוניליוור אנגליה</ManufacturerName>
      <ManufactureCountry>GB</ManufactureCountry>
      <ManufacturerItemDescription>אקס ספריי</ManufacturerItemDescription>
      <UnitQty>מיליליטרים</UnitQty>
      <Quantity>150.00</Quantity>
      <bIsWeighted>0</bIsWeighted>
      <UnitOfMeasure>100 מ"ל</UnitOfMeasure>
      <QtyInPackage>1</QtyInPackage>
      <ItemPrice>12.90</ItemPrice>
      <UnitOfMeasurePrice>8.60</UnitOfMeasurePrice>
      <AllowDiscount>1</AllowDiscount>
      <ItemStatus>1</ItemStatus>
    </Item>
    <Item>
      <PriceUpdateDate>2020-10-10 21:00</PriceUpdateDate>
      <ItemCode>8717163647257</ItemCode>
      <ItemType>1</ItemType>
      <ItemName>אקס ספריי גוף גולד 150 מ</ItemName>
      <ManufacturerName>יוניליוור אנגליה</ManufacturerName>
      <ManufactureCountry>GB</ManufactureCountry>
      <ManufacturerItemDescription>אקס ספריי</ManufacturerItemDescription>
      <UnitQty>מיליליטרים</UnitQty>
      <Quantity>150.00</Quantity>
      <bIsWeighted>0</bIsWeighted>
      <UnitOfMeasure>100 מ"ל</UnitOfMeasure>
      <QtyInPackage>1</QtyInPackage>
      <ItemPrice>12.90</ItemPrice>
      <UnitOfMeasurePrice>8.60</UnitOfMeasurePrice>
      <AllowDiscount>1</AllowDiscount>
      <ItemStatus>1</ItemStatus>
    </Item>
    <Item>
      <PriceUpdateDate>2020-10-10 21:00</PriceUpdateDate>
      <ItemCode>8717163647264</ItemCode>
      <ItemType>1</ItemType>
      <ItemName>אקס ספריי גוף אייס 150מ</ItemName>
      <ManufacturerName>יוניליוור אנגליה</ManufacturerName>
      <ManufactureCountry>GB</ManufactureCountry>
      <ManufacturerItemDescription>אקס ספריי</ManufacturerItemDescription>
      <UnitQty>מיליליטרים</UnitQty>
      <Quantity>150.00</Quantity>
      <bIsWeighted>0</bIsWeighted>
      <UnitOfMeasure>100 מ"ל</UnitOfMeasure>
      <QtyInPackage>1</QtyInPackage>
      <ItemPrice>12.90</ItemPrice>
      <UnitOfMeasurePrice>8.60</UnitOfMeasurePrice>
      <AllowDiscount>1</AllowDiscount>
      <ItemStatus>1</ItemStatus>
    </Item>
    <Item>
      <PriceUpdateDate>2020-10-10 21:00</PriceUpdateDate>
      <ItemCode>8717163648667</ItemCode>
      <ItemType>1</ItemType>
      <ItemName>אקס ג'ל רחצה אייס 400מ"ל</ItemName>
      <ManufacturerName>יוניליוור גרמניה</ManufacturerName>
      <ManufactureCountry>DE</ManufactureCountry>
      <ManufacturerItemDescription>אקס ג'ל רחצה</ManufacturerItemDescription>
      <UnitQty>מיליליטרים</UnitQty>
      <Quantity>400.00</Quantity>
      <bIsWeighted>0</bIsWeighted>
      <UnitOfMeasure>100 מ"ל</UnitOfMeasure>
      <QtyInPackage>1</QtyInPackage>
      <ItemPrice>11.90</ItemPrice>
      <UnitOfMeasurePrice>2.98</UnitOfMeasurePrice>
      <AllowDiscount>1</AllowDiscount>
      <ItemStatus>1</ItemStatus>
    </Item>
    <Item>
      <PriceUpdateDate>2020-10-10 21:00</PriceUpdateDate>
      <ItemCode>8717163655757</ItemCode>
      <ItemType>1</ItemType>
      <ItemName>רקסונה ספריי אינביזיב150</ItemName>
      <ManufacturerName>יוניליוור אנגליה, דרך קו</ManufacturerName>
      <ManufactureCountry>GB</ManufactureCountry>
      <ManufacturerItemDescription>דאו.רקסונה</ManufacturerItemDescription>
      <UnitQty>מיליליטרים</UnitQty>
      <Quantity>150.00</Quantity>
      <bIsWeighted>0</bIsWeighted>
      <UnitOfMeasure>100 מ"ל</UnitOfMeasure>
      <QtyInPackage>1</QtyInPackage>
      <ItemPrice>12.90</ItemPrice>
      <UnitOfMeasurePrice>8.60</UnitOfMeasurePrice>
      <AllowDiscount>1</AllowDiscount>
      <ItemStatus>1</ItemStatus>
    </Item>
    <Item>
      <PriceUpdateDate>2020-10-10 21:00</PriceUpdateDate>
      <ItemCode>8717163655764</ItemCode>
      <ItemType>1</ItemType>
      <ItemName>דאו.רקסונה שאוור פרש 150</ItemName>
      <ManufacturerName>יוניליוור אנגליה</ManufacturerName>
      <ManufactureCountry>GB</ManufactureCountry>
      <ManufacturerItemDescription>דאודורנט רקסונה</ManufacturerItemDescription>
      <UnitQty>מיליליטרים</UnitQty>
      <Quantity>150.00</Quantity>
      <bIsWeighted>0</bIsWeighted>
      <UnitOfMeasure>100 מ"ל</UnitOfMeasure>
      <QtyInPackage>1</QtyInPackage>
      <ItemPrice>12.90</ItemPrice>
      <UnitOfMeasurePrice>8.60</UnitOfMeasurePrice>
      <AllowDiscount>1</AllowDiscount>
      <ItemStatus>1</ItemStatus>
    </Item>
    <Item>
      <PriceUpdateDate>2020-10-10 21:00</PriceUpdateDate>
      <ItemCode>8717163655825</ItemCode>
      <ItemType>1</ItemType>
      <ItemName>דאודורנט רקסונה כותנה150</ItemName>
      <ManufacturerName>יוניליוור אנגליה</ManufacturerName>
      <ManufactureCountry>GB</ManufactureCountry>
      <ManufacturerItemDescription>דאודורנט רקסונה</ManufacturerItemDescription>
      <UnitQty>מיליליטרים</UnitQty>
      <Quantity>150.00</Quantity>
      <bIsWeighted>0</bIsWeighted>
      <UnitOfMeasure>100 מ"ל</UnitOfMeasure>
      <QtyInPackage>1</QtyInPackage>
      <ItemPrice>12.90</ItemPrice>
      <UnitOfMeasurePrice>8.60</UnitOfMeasurePrice>
      <AllowDiscount>1</AllowDiscount>
      <ItemStatus>1</ItemStatus>
    </Item>
    <Item>
      <PriceUpdateDate>2020-10-10 19:40</PriceUpdateDate>
      <ItemCode>8717163658253</ItemCode>
      <ItemType>1</ItemType>
      <ItemName>דאב מים מיסלרים-הרגעה500</ItemName>
      <ManufacturerName>יוניליוור גרמניה Gmbh &amp;</ManufacturerName>
      <ManufactureCountry>DE</ManufactureCountry>
      <ManufacturerItemDescription>דאב תחליב רחצה</ManufacturerItemDescription>
      <UnitQty>מיליליטרים</UnitQty>
      <Quantity>500.00</Quantity>
      <bIsWeighted>0</bIsWeighted>
      <UnitOfMeasure>100 מ"ל</UnitOfMeasure>
      <QtyInPackage>1</QtyInPackage>
      <ItemPrice>9.90</ItemPrice>
      <UnitOfMeasurePrice>1.98</UnitOfMeasurePrice>
      <AllowDiscount>1</AllowDiscount>
      <ItemStatus>1</ItemStatus>
    </Item>
    <Item>
      <PriceUpdateDate>2020-10-10 19:40</PriceUpdateDate>
      <ItemCode>8717163658314</ItemCode>
      <ItemType>1</ItemType>
      <ItemName>דאב מיסלריים עור רגיש500</ItemName>
      <ManufacturerName>יוניליוור גרמניה Gmbh &amp;</ManufacturerName>
      <ManufactureCountry>DE</ManufactureCountry>
      <ManufacturerItemDescription>תחליב רחצה דאב</ManufacturerItemDescription>
      <UnitQty>מיליליטרים</UnitQty>
      <Quantity>500.00</Quantity>
      <bIsWeighted>0</bIsWeighted>
      <UnitOfMeasure>100 מ"ל</UnitOfMeasure>
      <QtyInPackage>1</QtyInPackage>
      <ItemPrice>9.90</ItemPrice>
      <UnitOfMeasurePrice>1.98</UnitOfMeasurePrice>
      <AllowDiscount>1</AllowDiscount>
      <ItemStatus>1</ItemStatus>
    </Item>
    <Item>
      <PriceUpdateDate>2020-10-10 21:00</PriceUpdateDate>
      <ItemCode>8717163663493</ItemCode>
      <ItemType>1</ItemType>
      <ItemName>רקסונה מן קובלט דריי150</ItemName>
      <ManufacturerName>יוניליוור אנגליה, דרך קו</ManufacturerName>
      <ManufactureCountry>GB</ManufactureCountry>
      <ManufacturerItemDescription>דאו.רקסונה</ManufacturerItemDescription>
      <UnitQty>מיליליטרים</UnitQty>
      <Quantity>150.00</Quantity>
      <bIsWeighted>0</bIsWeighted>
      <UnitOfMeasure>100 מ"ל</UnitOfMeasure>
      <QtyInPackage>1</QtyInPackage>
      <ItemPrice>12.90</ItemPrice>
      <UnitOfMeasurePrice>8.60</UnitOfMeasurePrice>
      <AllowDiscount>1</AllowDiscount>
      <ItemStatus>1</ItemStatus>
    </Item>
    <Item>
      <PriceUpdateDate>2020-10-10 21:00</PriceUpdateDate>
      <ItemCode>8717163663516</ItemCode>
      <ItemType>1</ItemType>
      <ItemName>רקסונה מן קובלט דריי150</ItemName>
      <ManufacturerName>יוניליוור אנגליה, דרך קו</ManufacturerName>
      <ManufactureCountry>GB</ManufactureCountry>
      <ManufacturerItemDescription>דאו.רקסונה</ManufacturerItemDescription>
      <UnitQty>מיליליטרים</UnitQty>
      <Quantity>150.00</Quantity>
      <bIsWeighted>0</bIsWeighted>
      <UnitOfMeasure>100 מ"ל</UnitOfMeasure>
      <QtyInPackage>1</QtyInPackage>
      <ItemPrice>12.90</ItemPrice>
      <UnitOfMeasurePrice>8.60</UnitOfMeasurePrice>
      <AllowDiscount>1</AllowDiscount>
      <ItemStatus>1</ItemStatus>
    </Item>
    <Item>
      <PriceUpdateDate>2020-10-10 21:00</PriceUpdateDate>
      <ItemCode>8717163666753</ItemCode>
      <ItemType>1</ItemType>
      <ItemName>אקס.ספריי אייס צ'יל 150מ</ItemName>
      <ManufacturerName>יוניליוור אנגליה, דרך קו</ManufacturerName>
      <ManufactureCountry>GB</ManufactureCountry>
      <ManufacturerItemDescription>אקס ספריי</ManufacturerItemDescription>
      <UnitQty>מיליליטרים</UnitQty>
      <Quantity>150.00</Quantity>
      <bIsWeighted>0</bIsWeighted>
      <UnitOfMeasure>100 מ"ל</UnitOfMeasure>
      <QtyInPackage>1</QtyInPackage>
      <ItemPrice>15.90</ItemPrice>
      <UnitOfMeasurePrice>10.60</UnitOfMeasurePrice>
      <AllowDiscount>1</AllowDiscount>
      <ItemStatus>1</ItemStatus>
    </Item>
    <Item>
      <PriceUpdateDate>2020-10-10 21:00</PriceUpdateDate>
      <ItemCode>8717163676943</ItemCode>
      <ItemType>1</ItemType>
      <ItemName>תחליב ר.דאב שמן מרוקא750</ItemName>
      <ManufacturerName>יוניליוור</ManufacturerName>
      <ManufactureCountry>DE</ManufactureCountry>
      <ManufacturerItemDescription>תחליב רחצה דאב</ManufacturerItemDescription>
      <UnitQty>מיליליטרים</UnitQty>
      <Quantity>750.00</Quantity>
      <bIsWeighted>0</bIsWeighted>
      <UnitOfMeasure>100 מ"ל</UnitOfMeasure>
      <QtyInPackage>1</QtyInPackage>
      <ItemPrice>14.90</ItemPrice>
      <UnitOfMeasurePrice>1.99</UnitOfMeasurePrice>
      <AllowDiscount>1</AllowDiscount>
      <ItemStatus>1</ItemStatus>
    </Item>
    <Item>
      <PriceUpdateDate>2020-10-10 19:40</PriceUpdateDate>
      <ItemCode>8717163687772</ItemCode>
      <ItemType>1</ItemType>
      <ItemName>תחליב רח.דאב מאצ'ה500מל</ItemName>
      <ManufacturerName>---</ManufacturerName>
      <ManufactureCountry>DE</ManufactureCountry>
      <ManufacturerItemDescription>תחליב רחצה דאב</ManufacturerItemDescription>
      <UnitQty>מיליליטרים</UnitQty>
      <Quantity>500.00</Quantity>
      <bIsWeighted>0</bIsWeighted>
      <UnitOfMeasure>100 מ"ל</UnitOfMeasure>
      <QtyInPackage>1</QtyInPackage>
      <ItemPrice>9.90</ItemPrice>
      <UnitOfMeasurePrice>1.98</UnitOfMeasurePrice>
      <AllowDiscount>1</AllowDiscount>
      <ItemStatus>1</ItemStatus>
    </Item>
    <Item>
      <PriceUpdateDate>2020-10-10 19:40</PriceUpdateDate>
      <ItemCode>8717163687819</ItemCode>
      <ItemType>1</ItemType>
      <ItemName>תחליב רחצה שיבולת 500מל</ItemName>
      <ManufacturerName>---</ManufacturerName>
      <ManufactureCountry>DE</ManufactureCountry>
      <ManufacturerItemDescription>תחליב רחצה דאב</ManufacturerItemDescription>
      <UnitQty>מיליליטרים</UnitQty>
      <Quantity>500.00</Quantity>
      <bIsWeighted>0</bIsWeighted>
      <UnitOfMeasure>100 מ"ל</UnitOfMeasure>
      <QtyInPackage>1</QtyInPackage>
      <ItemPrice>9.90</ItemPrice>
      <UnitOfMeasurePrice>1.98</UnitOfMeasurePrice>
      <AllowDiscount>1</AllowDiscount>
      <ItemStatus>1</ItemStatus>
    </Item>
    <Item>
      <PriceUpdateDate>2020-10-10 21:00</PriceUpdateDate>
      <ItemCode>8717163705988</ItemCode>
      <ItemType>1</ItemType>
      <ItemName>דאו.רקסונה אלוורה 150מ"ל</ItemName>
      <ManufacturerName>יוניליוור</ManufacturerName>
      <ManufactureCountry>GB</ManufactureCountry>
      <ManufacturerItemDescription>דאו.רקסונה ספריי</ManufacturerItemDescription>
      <UnitQty>מיליליטרים</UnitQty>
      <Quantity>150.00</Quantity>
      <bIsWeighted>0</bIsWeighted>
      <UnitOfMeasure>100 מ"ל</UnitOfMeasure>
      <QtyInPackage>1</QtyInPackage>
      <ItemPrice>12.90</ItemPrice>
      <UnitOfMeasurePrice>8.60</UnitOfMeasurePrice>
      <AllowDiscount>1</AllowDiscount>
      <ItemStatus>1</ItemStatus>
    </Item>
    <Item>
      <PriceUpdateDate>2020-10-10 21:00</PriceUpdateDate>
      <ItemCode>8717163711668</ItemCode>
      <ItemType>1</ItemType>
      <ItemName>דאו.ספרי רקסונה טלק150מל</ItemName>
      <ManufacturerName>---</ManufacturerName>
      <ManufactureCountry>GB</ManufactureCountry>
      <ManufacturerItemDescription>דאו.ספריי רקסונה</ManufacturerItemDescription>
      <UnitQty>מיליליטרים</UnitQty>
      <Quantity>150.00</Quantity>
      <bIsWeighted>0</bIsWeighted>
      <UnitOfMeasure>100 מ"ל</UnitOfMeasure>
      <QtyInPackage>1</QtyInPackage>
      <ItemPrice>12.90</ItemPrice>
      <UnitOfMeasurePrice>8.60</UnitOfMeasurePrice>
      <AllowDiscount>1</AllowDiscount>
      <ItemStatus>1</ItemStatus>
    </Item>
    <Item>
      <PriceUpdateDate>2020-10-13 11:50</PriceUpdateDate>
      <ItemCode>8717163714850</ItemCode>
      <ItemType>1</ItemType>
      <ItemName>דאו.דאב ספריי קוקוס 150מ</ItemName>
      <ManufacturerName>---</ManufacturerName>
      <ManufactureCountry>GB</ManufactureCountry>
      <ManufacturerItemDescription>דאב דאו.ספריי</ManufacturerItemDescription>
      <UnitQty>מיליליטרים</UnitQty>
      <Quantity>150.00</Quantity>
      <bIsWeighted>0</bIsWeighted>
      <UnitOfMeasure>100 מ"ל</UnitOfMeasure>
      <QtyInPackage>1</QtyInPackage>
      <ItemPrice>14.90</ItemPrice>
      <UnitOfMeasurePrice>9.93</UnitOfMeasurePrice>
      <AllowDiscount>1</AllowDiscount>
      <ItemStatus>1</ItemStatus>
    </Item>
    <Item>
      <PriceUpdateDate>2020-01-20 00:14</PriceUpdateDate>
      <ItemCode>8717163771303</ItemCode>
      <ItemType>1</ItemType>
      <ItemName>דאב תחליב רחצה קוקוס400מ</ItemName>
      <ManufacturerName>יוניליוור</ManufacturerName>
      <ManufactureCountry>DE</ManufactureCountry>
      <ManufacturerItemDescription>דאב תחליב רחצה</ManufacturerItemDescription>
      <UnitQty>מיליליטרים</UnitQty>
      <Quantity>400.00</Quantity>
      <bIsWeighted>0</bIsWeighted>
      <UnitOfMeasure>100 מ"ל</UnitOfMeasure>
      <QtyInPackage>1</QtyInPackage>
      <ItemPrice>14.90</ItemPrice>
      <UnitOfMeasurePrice>3.73</UnitOfMeasurePrice>
      <AllowDiscount>1</AllowDiscount>
      <ItemStatus>1</ItemStatus>
    </Item>
    <Item>
      <PriceUpdateDate>2020-01-20 00:14</PriceUpdateDate>
      <ItemCode>8717163771334</ItemCode>
      <ItemType>1</ItemType>
      <ItemName>דאב תחליב רחצה מזין400מל</ItemName>
      <ManufacturerName>יוניליוור</ManufacturerName>
      <ManufactureCountry>DE</ManufactureCountry>
      <ManufacturerItemDescription>דאב תחליב רחצה</ManufacturerItemDescription>
      <UnitQty>מיליליטרים</UnitQty>
      <Quantity>400.00</Quantity>
      <bIsWeighted>0</bIsWeighted>
      <UnitOfMeasure>100 מ"ל</UnitOfMeasure>
      <QtyInPackage>1</QtyInPackage>
      <ItemPrice>14.90</ItemPrice>
      <UnitOfMeasurePrice>3.73</UnitOfMeasurePrice>
      <AllowDiscount>1</AllowDiscount>
      <ItemStatus>1</ItemStatus>
    </Item>
    <Item>
      <PriceUpdateDate>2020-10-10 19:40</PriceUpdateDate>
      <ItemCode>8717163842669</ItemCode>
      <ItemType>1</ItemType>
      <ItemName>דאב תח.רחצה חימר ירוק500</ItemName>
      <ManufacturerName>---</ManufacturerName>
      <ManufactureCountry>DE</ManufactureCountry>
      <ManufacturerItemDescription>תחליב רחצה דאב</ManufacturerItemDescription>
      <UnitQty>מיליליטרים</UnitQty>
      <Quantity>500.00</Quantity>
      <bIsWeighted>0</bIsWeighted>
      <UnitOfMeasure>100 מ"ל</UnitOfMeasure>
      <QtyInPackage>1</QtyInPackage>
      <ItemPrice>9.90</ItemPrice>
      <UnitOfMeasurePrice>1.98</UnitOfMeasurePrice>
      <AllowDiscount>1</AllowDiscount>
      <ItemStatus>1</ItemStatus>
    </Item>
    <Item>
      <PriceUpdateDate>2020-10-10 19:40</PriceUpdateDate>
      <ItemCode>8717163842676</ItemCode>
      <ItemType>1</ItemType>
      <ItemName>דאב תח.רחצה חימר ורוד500</ItemName>
      <ManufacturerName>יוניליוור</ManufacturerName>
      <ManufactureCountry>DE</ManufactureCountry>
      <ManufacturerItemDescription>תחליב רחצה דאב</ManufacturerItemDescription>
      <UnitQty>מיליליטרים</UnitQty>
      <Quantity>500.00</Quantity>
      <bIsWeighted>0</bIsWeighted>
      <UnitOfMeasure>100 מ"ל</UnitOfMeasure>
      <QtyInPackage>1</QtyInPackage>
      <ItemPrice>9.90</ItemPrice>
      <UnitOfMeasurePrice>1.98</UnitOfMeasurePrice>
      <AllowDiscount>1</AllowDiscount>
      <ItemStatus>1</ItemStatus>
    </Item>
    <Item>
      <PriceUpdateDate>2020-10-10 21:00</PriceUpdateDate>
      <ItemCode>8717163891735</ItemCode>
      <ItemType>1</ItemType>
      <ItemName>רקסונה ספרי וורקאאוט150מ</ItemName>
      <ManufacturerName>יוניליוור אנגליה, דרך קו</ManufacturerName>
      <ManufactureCountry>GB</ManufactureCountry>
      <ManufacturerItemDescription>דאודורנט רקסונה</ManufacturerItemDescription>
      <UnitQty>מיליליטרים</UnitQty>
      <Quantity>150.00</Quantity>
      <bIsWeighted>0</bIsWeighted>
      <UnitOfMeasure>100 מ"ל</UnitOfMeasure>
      <QtyInPackage>1</QtyInPackage>
      <ItemPrice>12.90</ItemPrice>
      <UnitOfMeasurePrice>8.60</UnitOfMeasurePrice>
      <AllowDiscount>1</AllowDiscount>
      <ItemStatus>1</ItemStatus>
    </Item>
    <Item>
      <PriceUpdateDate>2020-10-10 21:00</PriceUpdateDate>
      <ItemCode>8717163947692</ItemCode>
      <ItemType>1</ItemType>
      <ItemName>אקס ג'ל רח.פרש ברגמוט400</ItemName>
      <ManufacturerName>יוניליוור</ManufacturerName>
      <ManufactureCountry>DE</ManufactureCountry>
      <ManufacturerItemDescription>אקס ג'ל רחצה</ManufacturerItemDescription>
      <UnitQty>מיליליטרים</UnitQty>
      <Quantity>400.00</Quantity>
      <bIsWeighted>0</bIsWeighted>
      <UnitOfMeasure>100 מ"ל</UnitOfMeasure>
      <QtyInPackage>1</QtyInPackage>
      <ItemPrice>11.90</ItemPrice>
      <UnitOfMeasurePrice>2.98</UnitOfMeasurePrice>
      <AllowDiscount>1</AllowDiscount>
      <ItemStatus>1</ItemStatus>
    </Item>
    <Item>
      <PriceUpdateDate>2020-10-10 21:00</PriceUpdateDate>
      <ItemCode>8717163947739</ItemCode>
      <ItemType>1</ItemType>
      <ItemName>אקס ג'ל רחצה מוחיטו 400מ</ItemName>
      <ManufacturerName>יוניליוור</ManufacturerName>
      <ManufactureCountry>DE</ManufactureCountry>
      <ManufacturerItemDescription>אקס ג'ל רחצה</ManufacturerItemDescription>
      <UnitQty>מיליליטרים</UnitQty>
      <Quantity>400.00</Quantity>
      <bIsWeighted>0</bIsWeighted>
      <UnitOfMeasure>100 מ"ל</UnitOfMeasure>
      <QtyInPackage>1</QtyInPackage>
      <ItemPrice>11.90</ItemPrice>
      <UnitOfMeasurePrice>2.98</UnitOfMeasurePrice>
      <AllowDiscount>1</AllowDiscount>
      <ItemStatus>1</ItemStatus>
    </Item>
    <Item>
      <PriceUpdateDate>2020-10-10 21:00</PriceUpdateDate>
      <ItemCode>8717644390566</ItemCode>
      <ItemType>1</ItemType>
      <ItemName>סבון דאב מלפפונים100*4גר</ItemName>
      <ManufacturerName>יוניליוור</ManufacturerName>
      <ManufactureCountry>DE</ManufactureCountry>
      <ManufacturerItemDescription>סבון דאב רביעייה</ManufacturerItemDescription>
      <UnitQty>גרמים</UnitQty>
      <Quantity>400.00</Quantity>
      <bIsWeighted>0</bIsWeighted>
      <UnitOfMeasure>100 גרם</UnitOfMeasure>
      <QtyInPackage>0</QtyInPackage>
      <ItemPrice>12.90</ItemPrice>
      <UnitOfMeasurePrice>3.23</UnitOfMeasurePrice>
      <AllowDiscount>1</AllowDiscount>
      <ItemStatus>1</ItemStatus>
    </Item>
    <Item>
      <PriceUpdateDate>2020-01-20 00:21</PriceUpdateDate>
      <ItemCode>8718951001596</ItemCode>
      <ItemType>1</ItemType>
      <ItemName>אג'קס ספריי לאמבטיה600מל</ItemName>
      <ManufacturerName>קולגייט פלמוליב</ManufacturerName>
      <ManufactureCountry>GR</ManufactureCountry>
      <ManufacturerItemDescription>אג'קס לאמבטיה</ManufacturerItemDescription>
      <UnitQty>מיליליטרים</UnitQty>
      <Quantity>600.00</Quantity>
      <bIsWeighted>0</bIsWeighted>
      <UnitOfMeasure>100 מ"ל</UnitOfMeasure>
      <QtyInPackage>1</QtyInPackage>
      <ItemPrice>11.90</ItemPrice>
      <UnitOfMeasurePrice>1.98</UnitOfMeasurePrice>
      <AllowDiscount>1</AllowDiscount>
      <ItemStatus>1</ItemStatus>
    </Item>
    <Item>
      <PriceUpdateDate>2020-10-10 20:20</PriceUpdateDate>
      <ItemCode>8718951030206</ItemCode>
      <ItemType>1</ItemType>
      <ItemName>משחת קולגייט סנסטיב 75 מ</ItemName>
      <ManufacturerName>קולגייט פלמוליב</ManufacturerName>
      <ManufactureCountry>PL</ManufactureCountry>
      <ManufacturerItemDescription>משחת קולגייט</ManufacturerItemDescription>
      <UnitQty>מיליליטרים</UnitQty>
      <Quantity>75.00</Quantity>
      <bIsWeighted>0</bIsWeighted>
      <UnitOfMeasure>100 מ"ל</UnitOfMeasure>
      <QtyInPackage>1</QtyInPackage>
      <ItemPrice>14.90</ItemPrice>
      <UnitOfMeasurePrice>19.86</UnitOfMeasurePrice>
      <AllowDiscount>1</AllowDiscount>
      <ItemStatus>1</ItemStatus>
    </Item>
    <Item>
      <PriceUpdateDate>2020-10-10 20:20</PriceUpdateDate>
      <ItemCode>8718951076372</ItemCode>
      <ItemType>1</ItemType>
      <ItemName>משחה קולגייט הרבל 100מ"ל</ItemName>
      <ManufacturerName>---</ManufacturerName>
      <ManufactureCountry>PL</ManufactureCountry>
      <ManufacturerItemDescription>משחת קולגייט</ManufacturerItemDescription>
      <UnitQty>מיליליטרים</UnitQty>
      <Quantity>100.00</Quantity>
      <bIsWeighted>0</bIsWeighted>
      <UnitOfMeasure>100 מ"ל</UnitOfMeasure>
      <QtyInPackage>1</QtyInPackage>
      <ItemPrice>10.00</ItemPrice>
      <UnitOfMeasurePrice>10.00</UnitOfMeasurePrice>
      <AllowDiscount>1</AllowDiscount>
      <ItemStatus>1</ItemStatus>
    </Item>
    <Item>
      <PriceUpdateDate>2020-10-10 20:20</PriceUpdateDate>
      <ItemCode>8718951076402</ItemCode>
      <ItemType>1</ItemType>
      <ItemName>קולגייט הרבל הלבנה 100 מ</ItemName>
      <ManufacturerName>קולגייט פלמוליב</ManufacturerName>
      <ManufactureCountry>BR</ManufactureCountry>
      <ManufacturerItemDescription>משחת שיניים הרבל</ManufacturerItemDescription>
      <UnitQty>מיליליטרים</UnitQty>
      <Quantity>100.00</Quantity>
      <bIsWeighted>0</bIsWeighted>
      <UnitOfMeasure>100 מ"ל</UnitOfMeasure>
      <QtyInPackage>1</QtyInPackage>
      <ItemPrice>10.00</ItemPrice>
      <UnitOfMeasurePrice>10.00</UnitOfMeasurePrice>
      <AllowDiscount>1</AllowDiscount>
      <ItemStatus>1</ItemStatus>
    </Item>
    <Item>
      <PriceUpdateDate>2020-10-10 20:20</PriceUpdateDate>
      <ItemCode>8718951100855</ItemCode>
      <ItemType>1</ItemType>
      <ItemName>משחת קולגייט מקס 125 מ"ל</ItemName>
      <ManufacturerName>קולגייט פלמוליב</ManufacturerName>
      <ManufactureCountry>PL</ManufactureCountry>
      <ManufacturerItemDescription>משחת שיניים</ManufacturerItemDescription>
      <UnitQty>מיליליטרים</UnitQty>
      <Quantity>125.00</Quantity>
      <bIsWeighted>0</bIsWeighted>
      <UnitOfMeasure>100 מ"ל</UnitOfMeasure>
      <QtyInPackage>1</QtyInPackage>
      <ItemPrice>13.90</ItemPrice>
      <UnitOfMeasurePrice>11.12</UnitOfMeasurePrice>
      <AllowDiscount>1</AllowDiscount>
      <ItemStatus>1</ItemStatus>
    </Item>
    <Item>
      <PriceUpdateDate>2020-10-10 20:20</PriceUpdateDate>
      <ItemCode>8718951148536</ItemCode>
      <ItemType>1</ItemType>
      <ItemName>מי פה קולגייט פלאקס ורוד</ItemName>
      <ManufacturerName>---</ManufacturerName>
      <ManufactureCountry>PL</ManufactureCountry>
      <ManufacturerItemDescription>מי פה פלאקס</ManufacturerItemDescription>
      <UnitQty>מיליליטרים</UnitQty>
      <Quantity>500.00</Quantity>
      <bIsWeighted>0</bIsWeighted>
      <UnitOfMeasure>100 מ"ל</UnitOfMeasure>
      <QtyInPackage>1</QtyInPackage>
      <ItemPrice>14.90</ItemPrice>
      <UnitOfMeasurePrice>2.98</UnitOfMeasurePrice>
      <AllowDiscount>1</AllowDiscount>
      <ItemStatus>1</ItemStatus>
    </Item>
    <Item>
      <PriceUpdateDate>2020-10-10 20:20</PriceUpdateDate>
      <ItemCode>8718951159808</ItemCode>
      <ItemType>1</ItemType>
      <ItemName>3 מברשות קולגייט 360</ItemName>
      <ManufacturerName>קולגייט-פלמוליב</ManufacturerName>
      <ManufactureCountry>CN</ManufactureCountry>
      <ManufacturerItemDescription>3 מברשות קולגייט</ManufacturerItemDescription>
      <UnitQty>יחידה</UnitQty>
      <Quantity>1.00</Quantity>
      <bIsWeighted>0</bIsWeighted>
      <UnitOfMeasure>יחידה</UnitOfMeasure>
      <QtyInPackage>1</QtyInPackage>
      <ItemPrice>29.90</ItemPrice>
      <UnitOfMeasurePrice>29.90</UnitOfMeasurePrice>
      <AllowDiscount>1</AllowDiscount>
      <ItemStatus>1</ItemStatus>
    </Item>
    <Item>
      <PriceUpdateDate>2020-10-10 20:20</PriceUpdateDate>
      <ItemCode>8718951166288</ItemCode>
      <ItemType>1</ItemType>
      <ItemName>מש.קולגייט מקס וייט125מל</ItemName>
      <ManufacturerName>קולגייט פלמוליב</ManufacturerName>
      <ManufactureCountry>PL</ManufactureCountry>
      <ManufacturerItemDescription>משחת קולגייט מקס</ManufacturerItemDescription>
      <UnitQty>מיליליטרים</UnitQty>
      <Quantity>125.00</Quantity>
      <bIsWeighted>0</bIsWeighted>
      <UnitOfMeasure>100 מ"ל</UnitOfMeasure>
      <QtyInPackage>1</QtyInPackage>
      <ItemPrice>13.90</ItemPrice>
      <UnitOfMeasurePrice>11.12</UnitOfMeasurePrice>
      <AllowDiscount>1</AllowDiscount>
      <ItemStatus>1</ItemStatus>
    </Item>
    <Item>
      <PriceUpdateDate>2020-10-10 20:20</PriceUpdateDate>
      <ItemCode>8718951166561</ItemCode>
      <ItemType>1</ItemType>
      <ItemName>קולגייט מקס פרש כחול125מ</ItemName>
      <ManufacturerName>קולגייט פלמוליב</ManufacturerName>
      <ManufactureCountry>PL</ManufactureCountry>
      <ManufacturerItemDescription>משחת קולגייט מקס</ManufacturerItemDescription>
      <UnitQty>מיליליטרים</UnitQty>
      <Quantity>125.00</Quantity>
      <bIsWeighted>0</bIsWeighted>
      <UnitOfMeasure>100 מ"ל</UnitOfMeasure>
      <QtyInPackage>1</QtyInPackage>
      <ItemPrice>13.90</ItemPrice>
      <UnitOfMeasurePrice>11.12</UnitOfMeasurePrice>
      <AllowDiscount>1</AllowDiscount>
      <ItemStatus>1</ItemStatus>
    </Item>
    <Item>
      <PriceUpdateDate>2020-10-10 20:20</PriceUpdateDate>
      <ItemCode>8718951175280</ItemCode>
      <ItemType>1</ItemType>
      <ItemName>קולגייט טוטל פרו ויזבל75</ItemName>
      <ManufacturerName>---</ManufacturerName>
      <ManufactureCountry>PL</ManufactureCountry>
      <ManufacturerItemDescription>קולגייט טוטל</ManufacturerItemDescription>
      <UnitQty>מיליליטרים</UnitQty>
      <Quantity>75.00</Quantity>
      <bIsWeighted>0</bIsWeighted>
      <UnitOfMeasure>100 מ"ל</UnitOfMeasure>
      <QtyInPackage>1</QtyInPackage>
      <ItemPrice>16.90</ItemPrice>
      <UnitOfMeasurePrice>22.54</UnitOfMeasurePrice>
      <AllowDiscount>1</AllowDiscount>
      <ItemStatus>1</ItemStatus>
    </Item>
    <Item>
      <PriceUpdateDate>2020-10-10 20:20</PriceUpdateDate>
      <ItemCode>8718951176102</ItemCode>
      <ItemType>1</ItemType>
      <ItemName>משחת טוטל מרעננת75מל</ItemName>
      <ManufacturerName>---</ManufacturerName>
      <ManufactureCountry>PL</ManufactureCountry>
      <ManufacturerItemDescription>משחת טוטל מרעננת</ManufacturerItemDescription>
      <UnitQty>מיליליטרים</UnitQty>
      <Quantity>75.00</Quantity>
      <bIsWeighted>0</bIsWeighted>
      <UnitOfMeasure>100 מ"ל</UnitOfMeasure>
      <QtyInPackage>1</QtyInPackage>
      <ItemPrice>16.90</ItemPrice>
      <UnitOfMeasurePrice>22.54</UnitOfMeasurePrice>
      <AllowDiscount>1</AllowDiscount>
      <ItemStatus>1</ItemStatus>
    </Item>
    <Item>
      <PriceUpdateDate>2020-02-14 05:40</PriceUpdateDate>
      <ItemCode>8718951189881</ItemCode>
      <ItemType>1</ItemType>
      <ItemName>אג'קס תפוח וחומץ 500מל</ItemName>
      <ManufacturerName>קולגייט-פלמוליב</ManufacturerName>
      <ManufactureCountry>GR</ManufactureCountry>
      <ManufacturerItemDescription>אג'קס ספריי בוסט</ManufacturerItemDescription>
      <UnitQty>מיליליטרים</UnitQty>
      <Quantity>500.00</Quantity>
      <bIsWeighted>0</bIsWeighted>
      <UnitOfMeasure>100 מ"ל</UnitOfMeasure>
      <QtyInPackage>1</QtyInPackage>
      <ItemPrice>11.90</ItemPrice>
      <UnitOfMeasurePrice>2.38</UnitOfMeasurePrice>
      <AllowDiscount>1</AllowDiscount>
      <ItemStatus>1</ItemStatus>
    </Item>
    <Item>
      <PriceUpdateDate>2020-10-10 20:20</PriceUpdateDate>
      <ItemCode>8718951222779</ItemCode>
      <ItemType>1</ItemType>
      <ItemName>משחת מרידול פיור 75 מ"ל</ItemName>
      <ManufacturerName>קולגייט</ManufacturerName>
      <ManufactureCountry>PL</ManufactureCountry>
      <ManufacturerItemDescription>משחת מרידול</ManufacturerItemDescription>
      <UnitQty>מיליליטרים</UnitQty>
      <Quantity>75.00</Quantity>
      <bIsWeighted>0</bIsWeighted>
      <UnitOfMeasure>100 מ"ל</UnitOfMeasure>
      <QtyInPackage>1</QtyInPackage>
      <ItemPrice>21.90</ItemPrice>
      <UnitOfMeasurePrice>29.20</UnitOfMeasurePrice>
      <AllowDiscount>1</AllowDiscount>
      <ItemStatus>1</ItemStatus>
    </Item>
    <Item>
      <PriceUpdateDate>2020-10-10 20:20</PriceUpdateDate>
      <ItemCode>8718951236790</ItemCode>
      <ItemType>1</ItemType>
      <ItemName>קולגייט טוטל קלין 100 מל</ItemName>
      <ManufacturerName>קולגייט פלמוליב</ManufacturerName>
      <ManufactureCountry>PL</ManufactureCountry>
      <ManufacturerItemDescription>קולגייט טוטל</ManufacturerItemDescription>
      <UnitQty>מיליליטרים</UnitQty>
      <Quantity>100.00</Quantity>
      <bIsWeighted>0</bIsWeighted>
      <UnitOfMeasure>100 מ"ל</UnitOfMeasure>
      <QtyInPackage>1</QtyInPackage>
      <ItemPrice>16.90</ItemPrice>
      <UnitOfMeasurePrice>16.90</UnitOfMeasurePrice>
      <AllowDiscount>1</AllowDiscount>
      <ItemStatus>1</ItemStatus>
    </Item>
    <Item>
      <PriceUpdateDate>2020-10-10 20:20</PriceUpdateDate>
      <ItemCode>8718951236813</ItemCode>
      <ItemType>1</ItemType>
      <ItemName>קולגייט טוטל אדוונס100מ</ItemName>
      <ManufacturerName>קולגייט פלמוליב</ManufacturerName>
      <ManufactureCountry>PL</ManufactureCountry>
      <ManufacturerItemDescription>משחת קולגייט</ManufacturerItemDescription>
      <UnitQty>מיליליטרים</UnitQty>
      <Quantity>100.00</Quantity>
      <bIsWeighted>0</bIsWeighted>
      <UnitOfMeasure>100 מ"ל</UnitOfMeasure>
      <QtyInPackage>1</QtyInPackage>
      <ItemPrice>16.90</ItemPrice>
      <UnitOfMeasurePrice>16.90</UnitOfMeasurePrice>
      <AllowDiscount>1</AllowDiscount>
      <ItemStatus>1</ItemStatus>
    </Item>
    <Item>
      <PriceUpdateDate>2020-10-10 20:20</PriceUpdateDate>
      <ItemCode>8718951259430</ItemCode>
      <ItemType>1</ItemType>
      <ItemName>תחליב רח.חלב פרוטאין 1ל</ItemName>
      <ManufacturerName>---</ManufacturerName>
      <ManufactureCountry>IT</ManufactureCountry>
      <ManufacturerItemDescription>תחליב רחצה</ManufacturerItemDescription>
      <UnitQty>ליטרים</UnitQty>
      <Quantity>1.00</Quantity>
      <bIsWeighted>0</bIsWeighted>
      <UnitOfMeasure>ליטר</UnitOfMeasure>
      <QtyInPackage>1</QtyInPackage>
      <ItemPrice>18.90</ItemPrice>
      <UnitOfMeasurePrice>18.90</UnitOfMeasurePrice>
      <AllowDiscount>1</AllowDiscount>
      <ItemStatus>1</ItemStatus>
    </Item>
    <Item>
      <PriceUpdateDate>2020-10-10 20:20</PriceUpdateDate>
      <ItemCode>8718951259577</ItemCode>
      <ItemType>1</ItemType>
      <ItemName>פלמוליב ת.רחצה חלב+דבש1ל</ItemName>
      <ManufacturerName>---</ManufacturerName>
      <ManufactureCountry>TR</ManufactureCountry>
      <ManufacturerItemDescription>תחליב רחצה</ManufacturerItemDescription>
      <UnitQty>ליטרים</UnitQty>
      <Quantity>1.00</Quantity>
      <bIsWeighted>0</bIsWeighted>
      <UnitOfMeasure>ליטר</UnitOfMeasure>
      <QtyInPackage>1</QtyInPackage>
      <ItemPrice>18.90</ItemPrice>
      <UnitOfMeasurePrice>18.90</UnitOfMeasurePrice>
      <AllowDiscount>1</AllowDiscount>
      <ItemStatus>1</ItemStatus>
    </Item>
    <Item>
      <PriceUpdateDate>2020-10-10 20:20</PriceUpdateDate>
      <ItemCode>8718951264618</ItemCode>
      <ItemType>1</ItemType>
      <ItemName>קולגייט אופטיק ויט פחם75</ItemName>
      <ManufacturerName>קולגייט פלמוליב</ManufacturerName>
      <ManufactureCountry>PL</ManufactureCountry>
      <ManufacturerItemDescription>משחת קולגייט</ManufacturerItemDescription>
      <UnitQty>מיליליטרים</UnitQty>
      <Quantity>75.00</Quantity>
      <bIsWeighted>0</bIsWeighted>
      <UnitOfMeasure>100 מ"ל</UnitOfMeasure>
      <QtyInPackage>1</QtyInPackage>
      <ItemPrice>24.90</ItemPrice>
      <UnitOfMeasurePrice>33.20</UnitOfMeasurePrice>
      <AllowDiscount>1</AllowDiscount>
      <ItemStatus>1</ItemStatus>
    </Item>
    <Item>
      <PriceUpdateDate>2020-10-10 20:20</PriceUpdateDate>
      <ItemCode>8718951289833</ItemCode>
      <ItemType>1</ItemType>
      <ItemName>סב.פלמוליב לומינוס90*4ג</ItemName>
      <ManufacturerName>קולגייט פלמוליב</ManufacturerName>
      <ManufactureCountry>TR</ManufactureCountry>
      <ManufacturerItemDescription>סבון פלמוליב</ManufacturerItemDescription>
      <UnitQty>גרמים</UnitQty>
      <Quantity>360.00</Quantity>
      <bIsWeighted>0</bIsWeighted>
      <UnitOfMeasure>100 גרם</UnitOfMeasure>
      <QtyInPackage>1</QtyInPackage>
      <ItemPrice>14.90</ItemPrice>
      <UnitOfMeasurePrice>4.13</UnitOfMeasurePrice>
      <AllowDiscount>1</AllowDiscount>
      <ItemStatus>1</ItemStatus>
    </Item>
    <Item>
      <PriceUpdateDate>2020-09-17 11:25</PriceUpdateDate>
      <ItemCode>8718951313903</ItemCode>
      <ItemType>1</ItemType>
      <ItemName>פלמוליב לידיים פיור 300מ</ItemName>
      <ManufacturerName>קולגייט פלמוליב</ManufacturerName>
      <ManufactureCountry>TR</ManufactureCountry>
      <ManufacturerItemDescription>סבון פלמוליב</ManufacturerItemDescription>
      <UnitQty>מיליליטרים</UnitQty>
      <Quantity>300.00</Quantity>
      <bIsWeighted>0</bIsWeighted>
      <UnitOfMeasure>100 מ"ל</UnitOfMeasure>
      <QtyInPackage>1</QtyInPackage>
      <ItemPrice>8.90</ItemPrice>
      <UnitOfMeasurePrice>2.97</UnitOfMeasurePrice>
      <AllowDiscount>1</AllowDiscount>
      <ItemStatus>1</ItemStatus>
    </Item>
    <Item>
      <PriceUpdateDate>2020-09-17 11:25</PriceUpdateDate>
      <ItemCode>8718951313927</ItemCode>
      <ItemType>1</ItemType>
      <ItemName>פלמוליב לידיים חימר 300מ</ItemName>
      <ManufacturerName>קולגייט פלמוליב</ManufacturerName>
      <ManufactureCountry>TR</ManufactureCountry>
      <ManufacturerItemDescription>סבון פלמוליב</ManufacturerItemDescription>
      <UnitQty>מיליליטרים</UnitQty>
      <Quantity>300.00</Quantity>
      <bIsWeighted>0</bIsWeighted>
      <UnitOfMeasure>100 מ"ל</UnitOfMeasure>
      <QtyInPackage>1</QtyInPackage>
      <ItemPrice>8.90</ItemPrice>
      <UnitOfMeasurePrice>2.97</UnitOfMeasurePrice>
      <AllowDiscount>1</AllowDiscount>
      <ItemStatus>1</ItemStatus>
    </Item>
    <Item>
      <PriceUpdateDate>2020-10-10 20:20</PriceUpdateDate>
      <ItemCode>8718951319806</ItemCode>
      <ItemType>1</ItemType>
      <ItemName>ג'ל רחצה מרענן לגבר 750מ</ItemName>
      <ManufacturerName>קולגייט</ManufacturerName>
      <ManufactureCountry>TR</ManufactureCountry>
      <ManufacturerItemDescription>ג'ל רחצה לגבר</ManufacturerItemDescription>
      <UnitQty>מיליליטרים</UnitQty>
      <Quantity>750.00</Quantity>
      <bIsWeighted>0</bIsWeighted>
      <UnitOfMeasure>100 מ"ל</UnitOfMeasure>
      <QtyInPackage>1</QtyInPackage>
      <ItemPrice>15.90</ItemPrice>
      <UnitOfMeasurePrice>2.12</UnitOfMeasurePrice>
      <AllowDiscount>1</AllowDiscount>
      <ItemStatus>1</ItemStatus>
    </Item>
    <Item>
      <PriceUpdateDate>2020-10-10 20:20</PriceUpdateDate>
      <ItemCode>8718951320093</ItemCode>
      <ItemType>1</ItemType>
      <ItemName>2 מברשות קולגייט אופטיק</ItemName>
      <ManufacturerName>---</ManufacturerName>
      <ManufactureCountry>CN</ManufactureCountry>
      <ManufacturerItemDescription>מברשות קולגייט</ManufacturerItemDescription>
      <UnitQty>יחידה</UnitQty>
      <Quantity>1.00</Quantity>
      <bIsWeighted>0</bIsWeighted>
      <UnitOfMeasure>יחידה</UnitOfMeasure>
      <QtyInPackage>1</QtyInPackage>
      <ItemPrice>26.90</ItemPrice>
      <UnitOfMeasurePrice>26.90</UnitOfMeasurePrice>
      <AllowDiscount>1</AllowDiscount>
      <ItemStatus>1</ItemStatus>
    </Item>
    <Item>
      <PriceUpdateDate>2020-10-10 21:00</PriceUpdateDate>
      <ItemCode>8718951329126</ItemCode>
      <ItemType>1</ItemType>
      <ItemName>ליידי ספיד יוניק 150מל</ItemName>
      <ManufacturerName>קולגייט פלמוליב</ManufacturerName>
      <ManufactureCountry>RU</ManufactureCountry>
      <ManufacturerItemDescription>ליידי ספיד ספריי</ManufacturerItemDescription>
      <UnitQty>מיליליטרים</UnitQty>
      <Quantity>150.00</Quantity>
      <bIsWeighted>0</bIsWeighted>
      <UnitOfMeasure>100 מ"ל</UnitOfMeasure>
      <QtyInPackage>1</QtyInPackage>
      <ItemPrice>14.90</ItemPrice>
      <UnitOfMeasurePrice>9.93</UnitOfMeasurePrice>
      <AllowDiscount>1</AllowDiscount>
      <ItemStatus>1</ItemStatus>
    </Item>
    <Item>
      <PriceUpdateDate>2020-10-10 21:00</PriceUpdateDate>
      <ItemCode>8718951329218</ItemCode>
      <ItemType>1</ItemType>
      <ItemName>ספיד סטיק נוטרו ספרי150מ</ItemName>
      <ManufacturerName>קולגייט פלמוליב</ManufacturerName>
      <ManufactureCountry>RU</ManufactureCountry>
      <ManufacturerItemDescription>דאו. ספיד סטיק</ManufacturerItemDescription>
      <UnitQty>מיליליטרים</UnitQty>
      <Quantity>150.00</Quantity>
      <bIsWeighted>0</bIsWeighted>
      <UnitOfMeasure>100 מ"ל</UnitOfMeasure>
      <QtyInPackage>1</QtyInPackage>
      <ItemPrice>14.90</ItemPrice>
      <UnitOfMeasurePrice>9.93</UnitOfMeasurePrice>
      <AllowDiscount>1</AllowDiscount>
      <ItemStatus>1</ItemStatus>
    </Item>
    <Item>
      <PriceUpdateDate>2020-10-10 21:00</PriceUpdateDate>
      <ItemCode>8718951329249</ItemCode>
      <ItemType>1</ItemType>
      <ItemName>ליידי ספיד פירלס 150מל</ItemName>
      <ManufacturerName>קולגייט פלמוליב</ManufacturerName>
      <ManufactureCountry>RU</ManufactureCountry>
      <ManufacturerItemDescription>ליידי ספיד ספריי</ManufacturerItemDescription>
      <UnitQty>מיליליטרים</UnitQty>
      <Quantity>150.00</Quantity>
      <bIsWeighted>0</bIsWeighted>
      <UnitOfMeasure>100 מ"ל</UnitOfMeasure>
      <QtyInPackage>1</QtyInPackage>
      <ItemPrice>14.90</ItemPrice>
      <UnitOfMeasurePrice>9.93</UnitOfMeasurePrice>
      <AllowDiscount>1</AllowDiscount>
      <ItemStatus>1</ItemStatus>
    </Item>
    <Item>
      <PriceUpdateDate>2020-05-15 05:39</PriceUpdateDate>
      <ItemCode>8718951334274</ItemCode>
      <ItemType>1</ItemType>
      <ItemName>סופלין מרכך וניל1.3ל</ItemName>
      <ManufacturerName>---</ManufacturerName>
      <ManufactureCountry>GR</ManufactureCountry>
      <ManufacturerItemDescription>סופלין מרכך</ManufacturerItemDescription>
      <UnitQty>ליטרים</UnitQty>
      <Quantity>1.30</Quantity>
      <bIsWeighted>0</bIsWeighted>
      <UnitOfMeasure>ליטר</UnitOfMeasure>
      <QtyInPackage>1</QtyInPackage>
      <ItemPrice>21.90</ItemPrice>
      <UnitOfMeasurePrice>16.85</UnitOfMeasurePrice>
      <AllowDiscount>1</AllowDiscount>
      <ItemStatus>1</ItemStatus>
    </Item>
    <Item>
      <PriceUpdateDate>2020-05-15 05:39</PriceUpdateDate>
      <ItemCode>8718951334427</ItemCode>
      <ItemType>1</ItemType>
      <ItemName>סופלין מרכך כחול1.3ל</ItemName>
      <ManufacturerName>---</ManufacturerName>
      <ManufactureCountry>GR</ManufactureCountry>
      <ManufacturerItemDescription>סופלין מרכך</ManufacturerItemDescription>
      <UnitQty>ליטרים</UnitQty>
      <Quantity>1.30</Quantity>
      <bIsWeighted>0</bIsWeighted>
      <UnitOfMeasure>ליטר</UnitOfMeasure>
      <QtyInPackage>1</QtyInPackage>
      <ItemPrice>21.90</ItemPrice>
      <UnitOfMeasurePrice>16.85</UnitOfMeasurePrice>
      <AllowDiscount>1</AllowDiscount>
      <ItemStatus>1</ItemStatus>
    </Item>
    <Item>
      <PriceUpdateDate>2020-05-15 05:39</PriceUpdateDate>
      <ItemCode>8718951334465</ItemCode>
      <ItemType>1</ItemType>
      <ItemName>סופלין מרכך לבנדר1.3ל</ItemName>
      <ManufacturerName>---</ManufacturerName>
      <ManufactureCountry>GR</ManufactureCountry>
      <ManufacturerItemDescription>סופלין מרכך</ManufacturerItemDescription>
      <UnitQty>ליטרים</UnitQty>
      <Quantity>1.30</Quantity>
      <bIsWeighted>0</bIsWeighted>
      <UnitOfMeasure>ליטר</UnitOfMeasure>
      <QtyInPackage>1</QtyInPackage>
      <ItemPrice>21.90</ItemPrice>
      <UnitOfMeasurePrice>16.85</UnitOfMeasurePrice>
      <AllowDiscount>1</AllowDiscount>
      <ItemStatus>1</ItemStatus>
    </Item>
    <Item>
      <PriceUpdateDate>2020-10-10 20:20</PriceUpdateDate>
      <ItemCode>8718951370135</ItemCode>
      <ItemType>1</ItemType>
      <ItemName>סבון פלמוליב סנסיישן750מ</ItemName>
      <ManufacturerName>קולגייט פלמוליב</ManufacturerName>
      <ManufactureCountry>TR</ManufactureCountry>
      <ManufacturerItemDescription>סבון פלמוליב</ManufacturerItemDescription>
      <UnitQty>מיליליטרים</UnitQty>
      <Quantity>750.00</Quantity>
      <bIsWeighted>0</bIsWeighted>
      <UnitOfMeasure>100 מ"ל</UnitOfMeasure>
      <QtyInPackage>1</QtyInPackage>
      <ItemPrice>15.90</ItemPrice>
      <UnitOfMeasurePrice>2.12</UnitOfMeasurePrice>
      <AllowDiscount>1</AllowDiscount>
      <ItemStatus>1</ItemStatus>
    </Item>
    <Item>
      <PriceUpdateDate>2020-10-10 20:20</PriceUpdateDate>
      <ItemCode>8718951382640</ItemCode>
      <ItemType>1</ItemType>
      <ItemName>סבון פלמוליב דיטוקס 750</ItemName>
      <ManufacturerName>קולגייט פלמוליב</ManufacturerName>
      <ManufactureCountry>TR</ManufactureCountry>
      <ManufacturerItemDescription>סבון פמוליב</ManufacturerItemDescription>
      <UnitQty>מיליליטרים</UnitQty>
      <Quantity>750.00</Quantity>
      <bIsWeighted>0</bIsWeighted>
      <UnitOfMeasure>100 מ"ל</UnitOfMeasure>
      <QtyInPackage>1</QtyInPackage>
      <ItemPrice>15.90</ItemPrice>
      <UnitOfMeasurePrice>2.12</UnitOfMeasurePrice>
      <AllowDiscount>1</AllowDiscount>
      <ItemStatus>1</ItemStatus>
    </Item>
    <Item>
      <PriceUpdateDate>2020-10-10 20:20</PriceUpdateDate>
      <ItemCode>8718951382664</ItemCode>
      <ItemType>1</ItemType>
      <ItemName>סבון פלמוליב טונוס750מ</ItemName>
      <ManufacturerName>קולגייט פלמוליב</ManufacturerName>
      <ManufactureCountry>TR</ManufactureCountry>
      <ManufacturerItemDescription>סבון פמוליב</ManufacturerItemDescription>
      <UnitQty>מיליליטרים</UnitQty>
      <Quantity>750.00</Quantity>
      <bIsWeighted>0</bIsWeighted>
      <UnitOfMeasure>100 מ"ל</UnitOfMeasure>
      <QtyInPackage>1</QtyInPackage>
      <ItemPrice>15.90</ItemPrice>
      <UnitOfMeasurePrice>2.12</UnitOfMeasurePrice>
      <AllowDiscount>1</AllowDiscount>
      <ItemStatus>1</ItemStatus>
    </Item>
    <Item>
      <PriceUpdateDate>2020-10-10 20:20</PriceUpdateDate>
      <ItemCode>8718951382718</ItemCode>
      <ItemType>1</ItemType>
      <ItemName>סבון פלמוליב חימר 750 מ"</ItemName>
      <ManufacturerName>קולגייט פלמוליב</ManufacturerName>
      <ManufactureCountry>TR</ManufactureCountry>
      <ManufacturerItemDescription>סבון פמוליב</ManufacturerItemDescription>
      <UnitQty>מיליליטרים</UnitQty>
      <Quantity>750.00</Quantity>
      <bIsWeighted>0</bIsWeighted>
      <UnitOfMeasure>100 מ"ל</UnitOfMeasure>
      <QtyInPackage>1</QtyInPackage>
      <ItemPrice>15.90</ItemPrice>
      <UnitOfMeasurePrice>2.12</UnitOfMeasurePrice>
      <AllowDiscount>1</AllowDiscount>
      <ItemStatus>1</ItemStatus>
    </Item>
    <Item>
      <PriceUpdateDate>2020-01-20 00:09</PriceUpdateDate>
      <ItemCode>87311396</ItemCode>
      <ItemType>1</ItemType>
      <ItemName>מנטוס ריינבאו גליל 37.50</ItemName>
      <ManufacturerName>פרפטי ואן מלה</ManufacturerName>
      <ManufactureCountry>NL</ManufactureCountry>
      <ManufacturerItemDescription>מנטוס ריינבאו</ManufacturerItemDescription>
      <UnitQty>גרמים</UnitQty>
      <Quantity>37.00</Quantity>
      <bIsWeighted>0</bIsWeighted>
      <UnitOfMeasure>100 גרם</UnitOfMeasure>
      <QtyInPackage>0</QtyInPackage>
      <ItemPrice>3.90</ItemPrice>
      <UnitOfMeasurePrice>10.54</UnitOfMeasurePrice>
      <AllowDiscount>1</AllowDiscount>
      <ItemStatus>1</ItemStatus>
    </Item>
    <Item>
      <PriceUpdateDate>2020-10-10 21:00</PriceUpdateDate>
      <ItemCode>87342802</ItemCode>
      <ItemType>1</ItemType>
      <ItemName>דאו.אקס רול און גולד 50מ</ItemName>
      <ManufacturerName>יוניליוור אנגליה, דרך קו</ManufacturerName>
      <ManufactureCountry>GB</ManufactureCountry>
      <ManufacturerItemDescription>דאודורנט אקס</ManufacturerItemDescription>
      <UnitQty>מיליליטרים</UnitQty>
      <Quantity>50.00</Quantity>
      <bIsWeighted>0</bIsWeighted>
      <UnitOfMeasure>100 מ"ל</UnitOfMeasure>
      <QtyInPackage>1</QtyInPackage>
      <ItemPrice>15.90</ItemPrice>
      <UnitOfMeasurePrice>31.80</UnitOfMeasurePrice>
      <AllowDiscount>1</AllowDiscount>
      <ItemStatus>1</ItemStatus>
    </Item>
    <Item>
      <PriceUpdateDate>2020-01-20 00:09</PriceUpdateDate>
      <ItemCode>8801055707010</ItemCode>
      <ItemType>1</ItemType>
      <ItemName>נסקפה קפוצינו קלאסיק125ג</ItemName>
      <ManufacturerName>לוטה נסטלה קוריאה</ManufacturerName>
      <ManufactureCountry>KR</ManufactureCountry>
      <ManufacturerItemDescription>נס קפה קפוצ'ינו</ManufacturerItemDescription>
      <UnitQty>גרמים</UnitQty>
      <Quantity>125.00</Quantity>
      <bIsWeighted>0</bIsWeighted>
      <UnitOfMeasure>100 גרם</UnitOfMeasure>
      <QtyInPackage>0</QtyInPackage>
      <ItemPrice>19.90</ItemPrice>
      <UnitOfMeasurePrice>15.92</UnitOfMeasurePrice>
      <AllowDiscount>1</AllowDiscount>
      <ItemStatus>1</ItemStatus>
    </Item>
    <Item>
      <PriceUpdateDate>2020-02-23 15:00</PriceUpdateDate>
      <ItemCode>8809389030682</ItemCode>
      <ItemType>1</ItemType>
      <ItemName>מסיכת אסנס אלוורה יח'</ItemName>
      <ManufacturerName>כללי</ManufacturerName>
      <ManufactureCountry>KP</ManufactureCountry>
      <ManufacturerItemDescription>מסיכת אסנס אלוור</ManufacturerItemDescription>
      <UnitQty>יחידה</UnitQty>
      <Quantity>1.00</Quantity>
      <bIsWeighted>0</bIsWeighted>
      <UnitOfMeasure>יחידה</UnitOfMeasure>
      <QtyInPackage>1</QtyInPackage>
      <ItemPrice>30.90</ItemPrice>
      <UnitOfMeasurePrice>30.90</UnitOfMeasurePrice>
      <AllowDiscount>1</AllowDiscount>
      <ItemStatus>1</ItemStatus>
    </Item>
    <Item>
      <PriceUpdateDate>2020-01-20 00:14</PriceUpdateDate>
      <ItemCode>8850006332405</ItemCode>
      <ItemType>1</ItemType>
      <ItemName>קולגייט מברשת סלים סופט</ItemName>
      <ManufacturerName>קולגייט- פלמוליב</ManufacturerName>
      <ManufactureCountry>CN</ManufactureCountry>
      <ManufacturerItemDescription>מברשות קולגייט</ManufacturerItemDescription>
      <UnitQty>יחידה</UnitQty>
      <Quantity>1.00</Quantity>
      <bIsWeighted>0</bIsWeighted>
      <UnitOfMeasure>יחידה</UnitOfMeasure>
      <QtyInPackage>1</QtyInPackage>
      <ItemPrice>24.90</ItemPrice>
      <UnitOfMeasurePrice>24.90</UnitOfMeasurePrice>
      <AllowDiscount>1</AllowDiscount>
      <ItemStatus>1</ItemStatus>
    </Item>
    <Item>
      <PriceUpdateDate>2020-01-20 00:09</PriceUpdateDate>
      <ItemCode>8850389103111</ItemCode>
      <ItemType>1</ItemType>
      <ItemName>משקה סאפה ענבים</ItemName>
      <ManufacturerName />
      <ManufactureCountry>TH</ManufactureCountry>
      <ManufacturerItemDescription>משקה סאפה ענבים</ManufacturerItemDescription>
      <UnitQty>מיליליטרים</UnitQty>
      <Quantity>300.00</Quantity>
      <bIsWeighted>0</bIsWeighted>
      <UnitOfMeasure>100 מ"ל</UnitOfMeasure>
      <QtyInPackage>0</QtyInPackage>
      <ItemPrice>7.00</ItemPrice>
      <UnitOfMeasurePrice>2.33</UnitOfMeasurePrice>
      <AllowDiscount>1</AllowDiscount>
      <ItemStatus>1</ItemStatus>
    </Item>
    <Item>
      <PriceUpdateDate>2020-01-20 00:09</PriceUpdateDate>
      <ItemCode>8850389103128</ItemCode>
      <ItemType>1</ItemType>
      <ItemName>משקה סאפה תפוח</ItemName>
      <ManufacturerName />
      <ManufactureCountry>TH</ManufactureCountry>
      <ManufacturerItemDescription>משקה סאפה תפוח</ManufacturerItemDescription>
      <UnitQty>מיליליטרים</UnitQty>
      <Quantity>300.00</Quantity>
      <bIsWeighted>0</bIsWeighted>
      <UnitOfMeasure>100 מ"ל</UnitOfMeasure>
      <QtyInPackage>0</QtyInPackage>
      <ItemPrice>7.00</ItemPrice>
      <UnitOfMeasurePrice>2.33</UnitOfMeasurePrice>
      <AllowDiscount>1</AllowDiscount>
      <ItemStatus>1</ItemStatus>
    </Item>
    <Item>
      <PriceUpdateDate>2020-01-20 00:09</PriceUpdateDate>
      <ItemCode>8850389104637</ItemCode>
      <ItemType>1</ItemType>
      <ItemName>סאפה אפרסק</ItemName>
      <ManufacturerName />
      <ManufactureCountry>TH</ManufactureCountry>
      <ManufacturerItemDescription>סאפה אפרסק</ManufacturerItemDescription>
      <UnitQty>מיליליטרים</UnitQty>
      <Quantity>300.00</Quantity>
      <bIsWeighted>0</bIsWeighted>
      <UnitOfMeasure>100 מ"ל</UnitOfMeasure>
      <QtyInPackage>0</QtyInPackage>
      <ItemPrice>7.00</ItemPrice>
      <UnitOfMeasurePrice>2.33</UnitOfMeasurePrice>
      <AllowDiscount>1</AllowDiscount>
      <ItemStatus>1</ItemStatus>
    </Item>
    <Item>
      <PriceUpdateDate>2020-01-20 00:14</PriceUpdateDate>
      <ItemCode>887167308039</ItemCode>
      <ItemType>1</ItemType>
      <ItemName>קרם אנטי אייגיניג סופרים</ItemName>
      <ManufacturerName>אסתי לאודר</ManufacturerName>
      <ManufactureCountry>FR</ManufactureCountry>
      <ManufacturerItemDescription>קרם אנטי אייגיני</ManufacturerItemDescription>
      <UnitQty>מיליליטרים</UnitQty>
      <Quantity>15.00</Quantity>
      <bIsWeighted>0</bIsWeighted>
      <UnitOfMeasure>100 מ"ל</UnitOfMeasure>
      <QtyInPackage>1</QtyInPackage>
      <ItemPrice>485.00</ItemPrice>
      <UnitOfMeasurePrice>3233.33</UnitOfMeasurePrice>
      <AllowDiscount>1</AllowDiscount>
      <ItemStatus>1</ItemStatus>
    </Item>
    <Item>
      <PriceUpdateDate>2020-10-10 21:00</PriceUpdateDate>
      <ItemCode>887167487604</ItemCode>
      <ItemType>1</ItemType>
      <ItemName>קרם לחות במרקם סורבה15מל</ItemName>
      <ManufacturerName>אסתי לאודר</ManufacturerName>
      <ManufactureCountry>IL</ManufactureCountry>
      <ManufacturerItemDescription>קרם לחות במרקם ס</ManufacturerItemDescription>
      <UnitQty>מיליליטרים</UnitQty>
      <Quantity>15.00</Quantity>
      <bIsWeighted>0</bIsWeighted>
      <UnitOfMeasure>100 מ"ל</UnitOfMeasure>
      <QtyInPackage>1</QtyInPackage>
      <ItemPrice>59.00</ItemPrice>
      <UnitOfMeasurePrice>393.34</UnitOfMeasurePrice>
      <AllowDiscount>1</AllowDiscount>
      <ItemStatus>1</ItemStatus>
    </Item>
    <Item>
      <PriceUpdateDate>2020-01-20 00:14</PriceUpdateDate>
      <ItemCode>8888021200126</ItemCode>
      <ItemType>1</ItemType>
      <ItemName>סוללות AA אנרג'ייזר 4 יח</ItemName>
      <ManufacturerName>אנרג'\ייזר</ManufacturerName>
      <ManufactureCountry>SG</ManufactureCountry>
      <ManufacturerItemDescription>סוללות AA רביעיה</ManufacturerItemDescription>
      <UnitQty>יחידה</UnitQty>
      <Quantity>1.00</Quantity>
      <bIsWeighted>0</bIsWeighted>
      <UnitOfMeasure>יחידה</UnitOfMeasure>
      <QtyInPackage>0</QtyInPackage>
      <ItemPrice>19.90</ItemPrice>
      <UnitOfMeasurePrice>19.90</UnitOfMeasurePrice>
      <AllowDiscount>1</AllowDiscount>
      <ItemStatus>1</ItemStatus>
    </Item>
    <Item>
      <PriceUpdateDate>2020-10-10 21:00</PriceUpdateDate>
      <ItemCode>8901138500306</ItemCode>
      <ItemType>1</ItemType>
      <ItemName>משחת שיניים הימלאיה 100מ</ItemName>
      <ManufacturerName>הימלאיה</ManufacturerName>
      <ManufactureCountry>IN</ManufactureCountry>
      <ManufacturerItemDescription>מש.שיניים הימלאי</ManufacturerItemDescription>
      <UnitQty>מיליליטרים</UnitQty>
      <Quantity>100.00</Quantity>
      <bIsWeighted>0</bIsWeighted>
      <UnitOfMeasure>100 מ"ל</UnitOfMeasure>
      <QtyInPackage>0</QtyInPackage>
      <ItemPrice>14.90</ItemPrice>
      <UnitOfMeasurePrice>14.90</UnitOfMeasurePrice>
      <AllowDiscount>1</AllowDiscount>
      <ItemStatus>1</ItemStatus>
    </Item>
    <Item>
      <PriceUpdateDate>2020-10-10 21:00</PriceUpdateDate>
      <ItemCode>8901138825591</ItemCode>
      <ItemType>1</ItemType>
      <ItemName>משחת  הימלאיה מלבינה75מ</ItemName>
      <ManufacturerName>הימלאיה</ManufacturerName>
      <ManufactureCountry>PL</ManufactureCountry>
      <ManufacturerItemDescription>משחת שיניים</ManufacturerItemDescription>
      <UnitQty>מיליליטרים</UnitQty>
      <Quantity>75.00</Quantity>
      <bIsWeighted>0</bIsWeighted>
      <UnitOfMeasure>100 מ"ל</UnitOfMeasure>
      <QtyInPackage>1</QtyInPackage>
      <ItemPrice>14.90</ItemPrice>
      <UnitOfMeasurePrice>19.87</UnitOfMeasurePrice>
      <AllowDiscount>1</AllowDiscount>
      <ItemStatus>1</ItemStatus>
    </Item>
    <Item>
      <PriceUpdateDate>2020-01-20 00:14</PriceUpdateDate>
      <ItemCode>9000100590693</ItemCode>
      <ItemType>1</ItemType>
      <ItemName>מוס סאיוס מקס הולד 250</ItemName>
      <ManufacturerName>שוורצקופ</ManufacturerName>
      <ManufactureCountry>DE</ManufactureCountry>
      <ManufacturerItemDescription>מוס לעיצוב סאיוס</ManufacturerItemDescription>
      <UnitQty>מיליליטרים</UnitQty>
      <Quantity>250.00</Quantity>
      <bIsWeighted>0</bIsWeighted>
      <UnitOfMeasure>100 מ"ל</UnitOfMeasure>
      <QtyInPackage>0</QtyInPackage>
      <ItemPrice>32.90</ItemPrice>
      <UnitOfMeasurePrice>13.16</UnitOfMeasurePrice>
      <AllowDiscount>1</AllowDiscount>
      <ItemStatus>1</ItemStatus>
    </Item>
    <Item>
      <PriceUpdateDate>2020-01-20 00:14</PriceUpdateDate>
      <ItemCode>9000100590938</ItemCode>
      <ItemType>1</ItemType>
      <ItemName>מוס סאיוס ווליום ליפט250</ItemName>
      <ManufacturerName>הנקל סוד</ManufacturerName>
      <ManufactureCountry>DE</ManufactureCountry>
      <ManufacturerItemDescription>מוס לעיצוב סאיוס</ManufacturerItemDescription>
      <UnitQty>מיליליטרים</UnitQty>
      <Quantity>250.00</Quantity>
      <bIsWeighted>0</bIsWeighted>
      <UnitOfMeasure>100 מ"ל</UnitOfMeasure>
      <QtyInPackage>0</QtyInPackage>
      <ItemPrice>32.90</ItemPrice>
      <UnitOfMeasurePrice>13.16</UnitOfMeasurePrice>
      <AllowDiscount>1</AllowDiscount>
      <ItemStatus>1</ItemStatus>
    </Item>
    <Item>
      <PriceUpdateDate>2020-01-20 00:14</PriceUpdateDate>
      <ItemCode>9000100591058</ItemCode>
      <ItemType>1</ItemType>
      <ItemName>ג'ל עיצוב סאיוס מקס 250מ</ItemName>
      <ManufacturerName>הנקל סוד</ManufacturerName>
      <ManufactureCountry>DE</ManufactureCountry>
      <ManufacturerItemDescription>ג'ל לעיצוב סאיוס</ManufacturerItemDescription>
      <UnitQty>מיליליטרים</UnitQty>
      <Quantity>250.00</Quantity>
      <bIsWeighted>0</bIsWeighted>
      <UnitOfMeasure>100 מ"ל</UnitOfMeasure>
      <QtyInPackage>0</QtyInPackage>
      <ItemPrice>28.90</ItemPrice>
      <UnitOfMeasurePrice>11.56</UnitOfMeasurePrice>
      <AllowDiscount>1</AllowDiscount>
      <ItemStatus>1</ItemStatus>
    </Item>
    <Item>
      <PriceUpdateDate>2020-01-20 00:14</PriceUpdateDate>
      <ItemCode>9000100806657</ItemCode>
      <ItemType>1</ItemType>
      <ItemName>פה רול און אינויזיבל 50מ</ItemName>
      <ManufacturerName>הנקל סוד</ManufacturerName>
      <ManufactureCountry>DE</ManufactureCountry>
      <ManufacturerItemDescription>דאודורנט פה</ManufacturerItemDescription>
      <UnitQty>מיליליטרים</UnitQty>
      <Quantity>50.00</Quantity>
      <bIsWeighted>0</bIsWeighted>
      <UnitOfMeasure>100 מ"ל</UnitOfMeasure>
      <QtyInPackage>0</QtyInPackage>
      <ItemPrice>11.50</ItemPrice>
      <UnitOfMeasurePrice>23.00</UnitOfMeasurePrice>
      <AllowDiscount>1</AllowDiscount>
      <ItemStatus>1</ItemStatus>
    </Item>
    <Item>
      <PriceUpdateDate>2020-10-10 21:00</PriceUpdateDate>
      <ItemCode>9000100843256</ItemCode>
      <ItemType>1</ItemType>
      <ItemName>גליס שמן משקם 75מ"ל</ItemName>
      <ManufacturerName>הנקל סוד</ManufacturerName>
      <ManufactureCountry>SK</ManufactureCountry>
      <ManufacturerItemDescription>גליס שמן משקם</ManufacturerItemDescription>
      <UnitQty>מיליליטרים</UnitQty>
      <Quantity>75.00</Quantity>
      <bIsWeighted>0</bIsWeighted>
      <UnitOfMeasure>100 מ"ל</UnitOfMeasure>
      <QtyInPackage>0</QtyInPackage>
      <ItemPrice>20.00</ItemPrice>
      <UnitOfMeasurePrice>26.67</UnitOfMeasurePrice>
      <AllowDiscount>1</AllowDiscount>
      <ItemStatus>1</ItemStatus>
    </Item>
    <Item>
      <PriceUpdateDate>2020-01-20 00:21</PriceUpdateDate>
      <ItemCode>9001616203305</ItemCode>
      <ItemType>1</ItemType>
      <ItemName>פיטמה MAM למזון סמיך</ItemName>
      <ManufacturerName>MAM</ManufacturerName>
      <ManufactureCountry>HU</ManufactureCountry>
      <ManufacturerItemDescription>פיטמה למזון סמיך</ManufacturerItemDescription>
      <UnitQty>יחידה</UnitQty>
      <Quantity>1.00</Quantity>
      <bIsWeighted>0</bIsWeighted>
      <UnitOfMeasure>יחידה</UnitOfMeasure>
      <QtyInPackage>0</QtyInPackage>
      <ItemPrice>28.90</ItemPrice>
      <UnitOfMeasurePrice>28.90</UnitOfMeasurePrice>
      <AllowDiscount>1</AllowDiscount>
      <ItemStatus>1</ItemStatus>
    </Item>
    <Item>
      <PriceUpdateDate>2020-01-20 00:21</PriceUpdateDate>
      <ItemCode>9001616203350</ItemCode>
      <ItemType>1</ItemType>
      <ItemName>FLOW SLOW מאמ פטמות</ItemName>
      <ManufacturerName>MAM</ManufacturerName>
      <ManufactureCountry>AT</ManufactureCountry>
      <ManufacturerItemDescription>מאמ פטמות</ManufacturerItemDescription>
      <UnitQty>יחידה</UnitQty>
      <Quantity>1.00</Quantity>
      <bIsWeighted>0</bIsWeighted>
      <UnitOfMeasure>יחידה</UnitOfMeasure>
      <QtyInPackage>0</QtyInPackage>
      <ItemPrice>28.90</ItemPrice>
      <UnitOfMeasurePrice>28.90</UnitOfMeasurePrice>
      <AllowDiscount>1</AllowDiscount>
      <ItemStatus>1</ItemStatus>
    </Item>
    <Item>
      <PriceUpdateDate>2020-01-20 00:21</PriceUpdateDate>
      <ItemCode>9001616203367</ItemCode>
      <ItemType>1</ItemType>
      <ItemName>פטמה לבקבוק שלב 2</ItemName>
      <ManufacturerName>MAM</ManufacturerName>
      <ManufactureCountry>AT</ManufactureCountry>
      <ManufacturerItemDescription>פטמה לבקבוק</ManufacturerItemDescription>
      <UnitQty>יחידה</UnitQty>
      <Quantity>1.00</Quantity>
      <bIsWeighted>0</bIsWeighted>
      <UnitOfMeasure>יחידה</UnitOfMeasure>
      <QtyInPackage>0</QtyInPackage>
      <ItemPrice>28.90</ItemPrice>
      <UnitOfMeasurePrice>28.90</UnitOfMeasurePrice>
      <AllowDiscount>1</AllowDiscount>
      <ItemStatus>1</ItemStatus>
    </Item>
    <Item>
      <PriceUpdateDate>2020-01-20 00:21</PriceUpdateDate>
      <ItemCode>9001616702655</ItemCode>
      <ItemType>1</ItemType>
      <ItemName>זוג מוצצים 0-6 זוהר בת י</ItemName>
      <ManufacturerName>MAM</ManufacturerName>
      <ManufactureCountry>HU</ManufactureCountry>
      <ManufacturerItemDescription>זוג מוצצים 0-6 ז</ManufacturerItemDescription>
      <UnitQty>יחידה</UnitQty>
      <Quantity>1.00</Quantity>
      <bIsWeighted>0</bIsWeighted>
      <UnitOfMeasure>יחידה</UnitOfMeasure>
      <QtyInPackage>1</QtyInPackage>
      <ItemPrice>37.90</ItemPrice>
      <UnitOfMeasurePrice>37.90</UnitOfMeasurePrice>
      <AllowDiscount>1</AllowDiscount>
      <ItemStatus>1</ItemStatus>
    </Item>
    <Item>
      <PriceUpdateDate>2020-01-20 00:21</PriceUpdateDate>
      <ItemCode>9001616702716</ItemCode>
      <ItemType>1</ItemType>
      <ItemName>זוג מוצצים +6 זוהר בת 2*</ItemName>
      <ManufacturerName>MAM</ManufacturerName>
      <ManufactureCountry>HU</ManufactureCountry>
      <ManufacturerItemDescription>זוג מוצצים +6 זו</ManufacturerItemDescription>
      <UnitQty>יחידה</UnitQty>
      <Quantity>1.00</Quantity>
      <bIsWeighted>0</bIsWeighted>
      <UnitOfMeasure>יחידה</UnitOfMeasure>
      <QtyInPackage>1</QtyInPackage>
      <ItemPrice>37.90</ItemPrice>
      <UnitOfMeasurePrice>37.90</UnitOfMeasurePrice>
      <AllowDiscount>1</AllowDiscount>
      <ItemStatus>1</ItemStatus>
    </Item>
    <Item>
      <PriceUpdateDate>2020-01-20 00:21</PriceUpdateDate>
      <ItemCode>9001616702723</ItemCode>
      <ItemType>1</ItemType>
      <ItemName>זוג מוצצים +6 זוהר יניס2</ItemName>
      <ManufacturerName>MAM</ManufacturerName>
      <ManufactureCountry>AT</ManufactureCountry>
      <ManufacturerItemDescription>זוג מוצצים +6 זו</ManufacturerItemDescription>
      <UnitQty>יחידה</UnitQty>
      <Quantity>1.00</Quantity>
      <bIsWeighted>0</bIsWeighted>
      <UnitOfMeasure>יחידה</UnitOfMeasure>
      <QtyInPackage>1</QtyInPackage>
      <ItemPrice>37.90</ItemPrice>
      <UnitOfMeasurePrice>37.90</UnitOfMeasurePrice>
      <AllowDiscount>1</AllowDiscount>
      <ItemStatus>1</ItemStatus>
    </Item>
    <Item>
      <PriceUpdateDate>2020-01-20 00:21</PriceUpdateDate>
      <ItemCode>9001616702730</ItemCode>
      <ItemType>1</ItemType>
      <ItemName>זוג מוצצים +6 אוריג' בת</ItemName>
      <ManufacturerName>MAM</ManufacturerName>
      <ManufactureCountry>HU</ManufactureCountry>
      <ManufacturerItemDescription>זוג מוצצים +6 או</ManufacturerItemDescription>
      <UnitQty>יחידה</UnitQty>
      <Quantity>1.00</Quantity>
      <bIsWeighted>0</bIsWeighted>
      <UnitOfMeasure>יחידה</UnitOfMeasure>
      <QtyInPackage>1</QtyInPackage>
      <ItemPrice>37.90</ItemPrice>
      <UnitOfMeasurePrice>37.90</UnitOfMeasurePrice>
      <AllowDiscount>1</AllowDiscount>
      <ItemStatus>1</ItemStatus>
    </Item>
    <Item>
      <PriceUpdateDate>2020-01-20 00:21</PriceUpdateDate>
      <ItemCode>9001616702808</ItemCode>
      <ItemType>1</ItemType>
      <ItemName>זוג מוצצים +6 קלירלי בת</ItemName>
      <ManufacturerName>MAM</ManufacturerName>
      <ManufactureCountry>HU</ManufactureCountry>
      <ManufacturerItemDescription>זוג מוצצים +6 קל</ManufacturerItemDescription>
      <UnitQty>יחידה</UnitQty>
      <Quantity>1.00</Quantity>
      <bIsWeighted>0</bIsWeighted>
      <UnitOfMeasure>יחידה</UnitOfMeasure>
      <QtyInPackage>1</QtyInPackage>
      <ItemPrice>37.90</ItemPrice>
      <UnitOfMeasurePrice>37.90</UnitOfMeasurePrice>
      <AllowDiscount>1</AllowDiscount>
      <ItemStatus>1</ItemStatus>
    </Item>
    <Item>
      <PriceUpdateDate>2020-01-20 00:21</PriceUpdateDate>
      <ItemCode>9001616702952</ItemCode>
      <ItemType>1</ItemType>
      <ItemName>בקבוק אנטי קוליק ירוק</ItemName>
      <ManufacturerName>MAM</ManufacturerName>
      <ManufactureCountry>AT</ManufactureCountry>
      <ManufacturerItemDescription>בקבוק אנטי קוליק</ManufacturerItemDescription>
      <UnitQty>יחידה</UnitQty>
      <Quantity>1.00</Quantity>
      <bIsWeighted>0</bIsWeighted>
      <UnitOfMeasure>יחידה</UnitOfMeasure>
      <QtyInPackage>1</QtyInPackage>
      <ItemPrice>37.90</ItemPrice>
      <UnitOfMeasurePrice>37.90</UnitOfMeasurePrice>
      <AllowDiscount>1</AllowDiscount>
      <ItemStatus>1</ItemStatus>
    </Item>
    <Item>
      <PriceUpdateDate>2020-10-10 21:00</PriceUpdateDate>
      <ItemCode>9005800317007</ItemCode>
      <ItemType>1</ItemType>
      <ItemName>רייס פילינג לעור רגיל 75</ItemName>
      <ManufacturerName>כללי</ManufacturerName>
      <ManufactureCountry>IL</ManufactureCountry>
      <ManufacturerItemDescription>רייס פילינג לעור</ManufacturerItemDescription>
      <UnitQty>מיליליטרים</UnitQty>
      <Quantity>75.00</Quantity>
      <bIsWeighted>0</bIsWeighted>
      <UnitOfMeasure>100 מ"ל</UnitOfMeasure>
      <QtyInPackage>1</QtyInPackage>
      <ItemPrice>19.90</ItemPrice>
      <UnitOfMeasurePrice>26.54</UnitOfMeasurePrice>
      <AllowDiscount>1</AllowDiscount>
      <ItemStatus>1</ItemStatus>
    </Item>
    <Item>
      <PriceUpdateDate>2020-10-10 21:00</PriceUpdateDate>
      <ItemCode>9310088007015</ItemCode>
      <ItemType>1</ItemType>
      <ItemName>8 תחבושות דיפנד לילה</ItemName>
      <ManufacturerName>חוגלה קימברלי</ManufacturerName>
      <ManufactureCountry>CN</ManufactureCountry>
      <ManufacturerItemDescription>תחבושות  דיפנד</ManufacturerItemDescription>
      <UnitQty>יחידה</UnitQty>
      <Quantity>1.00</Quantity>
      <bIsWeighted>0</bIsWeighted>
      <UnitOfMeasure>יחידה</UnitOfMeasure>
      <QtyInPackage>0</QtyInPackage>
      <ItemPrice>16.90</ItemPrice>
      <UnitOfMeasurePrice>16.90</UnitOfMeasurePrice>
      <AllowDiscount>1</AllowDiscount>
      <ItemStatus>1</ItemStatus>
    </Item>
    <Item>
      <PriceUpdateDate>2020-10-13 11:50</PriceUpdateDate>
      <ItemCode>96081693</ItemCode>
      <ItemType>0</ItemType>
      <ItemName>דאב מן רול און קומפורט50</ItemName>
      <ManufacturerName>יוניליוור</ManufacturerName>
      <ManufactureCountry>GB</ManufactureCountry>
      <ManufacturerItemDescription>דאב מן רול און</ManufacturerItemDescription>
      <UnitQty>מיליליטרים</UnitQty>
      <Quantity>50.00</Quantity>
      <bIsWeighted>0</bIsWeighted>
      <UnitOfMeasure>100 מ"ל</UnitOfMeasure>
      <QtyInPackage>1</QtyInPackage>
      <ItemPrice>14.90</ItemPrice>
      <UnitOfMeasurePrice>29.80</UnitOfMeasurePrice>
      <AllowDiscount>1</AllowDiscount>
      <ItemStatus>1</ItemStatus>
    </Item>
  </Items>
</root>